@inproceedings{schofield2017quantifying,
  title={Quantifying the Effects of Text Duplication on Semantic Models},
  author={Schofield, Alexandra and Thompson, Laure and Mimno, David},
  booktitle={Proceedings of the 2017 Conference on Empirical Methods in Natural Language Processing},
  pages={2727--2737},
  year={2017}
}


@article{SyntaxNetConll2017,
  author    = {Chris Alberti and
               Daniel Andor and
               Ivan Bogatyy and
               Michael Collins and
               Dan Gillick and
               Lingpeng Kong and
               Terry Koo and
               Ji Ma and
               Mark Omernick and
               Slav Petrov and
               Chayut Thanapirom and
               Zora Tung and
               David Weiss},
  title     = {SyntaxNet Models for the CoNLL 2017 Shared Task},
  journal   = {CoRR},
  volume    = {abs/1703.04929},
  year      = {2017},
  url       = {http://arxiv.org/abs/1703.04929},
  archivePrefix = {arXiv},
  eprint    = {1703.04929},
  timestamp = {Sun, 12 Nov 2017 23:10:48 +0100},
  biburl    = {http://dblp.org/rec/bib/journals/corr/AlbertiABCGKKMO17},
  bibsource = {dblp computer science bibliography, http://dblp.org}
}


@article{bodson_codification_1966,
	title = {Codification d'un texte latin sur cartes m√©canographiques {IBM} 80 colonnes},
	volume = {1966},
	url = {http://web.philo.ulg.ac.be/rissh/wp-content/uploads/sites/10/pdf/Annee1966/01/ABodson.pdf},
	pages = {1--46},
	number = {1},
	journaltitle = {Revue Informatique et Statistique dans les Sciences humaines},
	author = {Bodson, Arthur and Govaerts, Suzanne},
	date = {1966}
}