@inproceedings{schofield2017quantifying,
  title={Quantifying the Effects of Text Duplication on Semantic Models},
  author={Schofield, Alexandra and Thompson, Laure and Mimno, David},
  booktitle={Proceedings of the 2017 Conference on Empirical Methods in Natural Language Processing},
  pages={2727--2737},
  year={2017}
}


@article{SyntaxNetConll2017,
  author    = {Chris Alberti and
               Daniel Andor and
               Ivan Bogatyy and
               Michael Collins and
               Dan Gillick and
               Lingpeng Kong and
               Terry Koo and
               Ji Ma and
               Mark Omernick and
               Slav Petrov and
               Chayut Thanapirom and
               Zora Tung and
               David Weiss},
  title     = {SyntaxNet Models for the CoNLL 2017 Shared Task},
  journal   = {CoRR},
  volume    = {abs/1703.04929},
  year      = {2017},
  url       = {http://arxiv.org/abs/1703.04929},
  archivePrefix = {arXiv},
  eprint    = {1703.04929},
  timestamp = {Sun, 12 Nov 2017 23:10:48 +0100},
  biburl    = {http://dblp.org/rec/bib/journals/corr/AlbertiABCGKKMO17},
  bibsource = {dblp computer science bibliography, http://dblp.org}
}

@article{mellet2002atouts,
  title={Les atouts multiples de la lemmatisation: l’exemple du latin},
  author={Mellet, Sylvie and Purnelle, G{\'e}rald},
  journal={JADT 2002, 6es Journ{\'e}es internationales d’Analyse statistique des Donn{\'e}es Textuelles},
  pages={529--538},
  year={2002}
}

@article{BodsonCodification1966,
	title = {Codification d'un texte latin sur cartes mécanographiques {IBM} 80 colonnes},
	volume = {1966},
	url = {http://web.philo.ulg.ac.be/rissh/wp-content/uploads/sites/10/pdf/Annee1966/01/ABodson.pdf},
	year = {1966},
	pages = {1--46},
	number = {1},
	journal = {Revue Informatique et Statistique dans les Sciences humaines},
	author = {Bodson, Arthur and Govaerts, Suzanne},
	date = {1966}
}

@article{poudat2009variations,
  title={Variations langagi{\`e}res et annotation morphosyntaxique du latin classique},
  author={Poudat, C{\'e}line and Longr{\'e}e, Doninique},
  journal={Traitement Automatique des Langues},
  volume={50},
  number={2},
  pages={129--148},
  year={2009}
}
@article{schmid1994treetagger,
  title={TreeTagger-a language independent part-of-speech tagger},
  author={Schmid, Helmut},
  journal={http://www. ims. uni-stuttgart. de/projekte/corplex/TreeTagger/},
  year={1994}
}

@article{schachter1985parts,
  title={Parts-of-speech systems},
  author={Schachter, Paul and Shopen, Timothy},
  journal={Language typology and syntactic description},
  volume={1},
  pages={3--61},
  year={1985}
}

@article {Cafieroeaax5489,
	author = {Cafiero, Florian and Camps, Jean-Baptiste},
	title = {Why Moli{\`e}re most likely did write his plays},
	volume = {5},
	number = {11},
	elocation-id = {eaax5489},
	year = {2019},
	doi = {10.1126/sciadv.aax5489},
	publisher = {American Association for the Advancement of Science},
	abstract = {As for Shakespeare, a hard-fought debate has emerged about Moli{\`e}re, a supposedly uneducated actor who, according to some, could not have written the masterpieces attributed to him. In the past decades, the century-old thesis according to which Pierre Corneille would be their actual author has become popular, mostly because of new works in computational linguistics. These results are reassessed here through state-of-the-art attribution methods. We study a corpus of comedies in verse by major authors of Moli{\`e}re and Corneille{\textquoteright}s time. Analysis of lexicon, rhymes, word forms, affixes, morphosyntactic sequences, and function words do not give any clue that another author among the major playwrights of the time would have written the plays signed under the name Moli{\`e}re.},
	URL = {https://advances.sciencemag.org/content/5/11/eaax5489},
	eprint = {https://advances.sciencemag.org/content/5/11/eaax5489.full.pdf},
	journal = {Science Advances}
}

@inproceedings{feldman2009part,
  title={Part-of-speech histograms for genre classification of text},
  author={Feldman, Sergey and Marin, Marius A and Ostendorf, Mari and Gupta, Maya R},
  booktitle={2009 IEEE International Conference on Acoustics, Speech and Signal Processing},
  pages={4781--4784},
  year={2009},
  organization={IEEE}
}
@article{wang2015pos,
  title={POS-RS: A Random Subspace method for sentiment classification based on part-of-speech analysis},
  author={Wang, Gang and Zhang, Zhu and Sun, Jianshan and Yang, Shanlin and Larson, Catherine A},
  journal={Information Processing \& Management},
  volume={51},
  number={4},
  pages={458--479},
  year={2015},
  publisher={Elsevier}
}

@article{zirikly2014named,
  title={Named entity recognition for dialectal arabic},
  author={Zirikly, Ayah and Diab, Mona},
  journal={ANLP 2014},
  volume={78},
  year={2014},
  publisher={Citeseer}
}

@unpublished{perreaux_lemmatisation_2019,
	location = {Paris, France},
	title = {La lemmatisation des corpus médiévaux: pourquoi et comment ?},
	type = {Journée d'étude},
	howpublished = {Journée d'étude},
	note = {Initiation à la lemmatisation des textes médiévaux, Cosme2},
	author = {Perreaux, Nicolas},
	date = {2019-06-17}
}