@misc{perseus,
  author       = {Gregory R. Crane},
  title        = {PerseusDL/canonical-latinLit 0.0.752},
  month        = feb,
  year         = 2021,
  publisher    = {Zenodo},
  version      = {0.0.752},
  doi          = {10.5281/zenodo.4544000},
  url          = {https://doi.org/10.5281/zenodo.4544000}
}

% Check version before publishing
@misc{latinlemmatized,
  author       = {Clérice, Thibault},
  title        = {Corpus Latin antiquité et antiquité tardive lemmatisé},
  month        = dec,
  year         = 2020,
  publisher    = {Zenodo},
  version      = {0.0.1},  
  doi          = {10.5281/zenodo.4337146},
  url          = {https://doi.org/10.5281/zenodo.4337146}
}
@misc{csel,
  author       = {Gregory R. Crane},
  title        = {Open Greek and Latin, Corpus Scriptorum Ecclesiasticorum Latinorum},
  month        = mar,
  year         = 2021,
  publisher    = {Zenodo},
  version      = {1.0.209},
  doi          = {10.5281/zenodo.4604975},
  url          = {https://doi.org/10.5281/zenodo.4604975}
}
@misc{digiliblt,
  author       = {Maurizio Lana},
  title        = {Metodologie e problematiche per una biblioteca digitale. Il caso di digilibLT},
  month        = mar,
  year         = 2021,
  url          = {http://digitalia.sbn.it/article/view/516}
}
@misc{digiliblt_capitains,
  author       = {Thibault Clérice and
                  Hippolyte Souvay and
                  Etienne Ferrandi and
                  Vincent Giovannangeli and
                  Akim Ouchen and
                  Léa Maronet and
                  Émilien Arnaud and
                  Krister Kruusmaa and
                  Jean Barré},
  title        = {lascivaroma/digiliblt: Release 0.0.64},
  month        = may,
  year         = 2021,
  publisher    = {Zenodo},
  version      = {0.0.64},
  doi          = {10.5281/zenodo.4778051},
  url          = {https://github.com/lascivaroma/digiliblt}
}
@misc{priapea,
  author       = {Thibault Clérice},
  title        = {Lasciva Roma, Priapea},
  month        = may,
  year         = 2020,
  publisher    = {Zenodo},
  version      = {1.1.18},
  doi          = {10.5281/zenodo.3835316},
  url          = {https://doi.org/10.5281/zenodo.3835316}
}
@misc{additional_texts,
  author       = {Thibault Clérice},
  title        = {Lasciva Roma, additional texts},
  month        = mar,
  year         = 2021,
  publisher    = {Zenodo},
  version      = {1.0.163},
  doi          = {10.5281/zenodo.4627294},
  url          = {https://doi.org/10.5281/zenodo.4627294}
}

@article{capitains,
	title = {Les outils {CapiTainS}, l’édition numérique et l’exploitation des textes},
	volume = {73},
	copyright = {Tous droits réservés},
	issn = {0751-2708},
	url = {http://journals.openedition.org/medievales/8211},
	doi = {10.4000/medievales.8211},
	abstract = {Issu de la collaboration de membres des équipes de Perseids et Perseus à Tufts et de la Humboldt Chair of Digital Humanities de l’Université de Leipzig, le projet CapiTainS voudrait proposer des solutions open source, réexploitables et extensibles visant à simplifier le développement et la valorisation de publications et éditions numériques. Cet ensemble d’outils permet aux chercheurs d’inscrire leur projet dans un réseau de données ouvertes et pleinement réutilisables, réduisant ainsi le coût nécessaire à la ré-exploitation de données produites., Collaboratively founded by members of the Perseids and Perseus staff at Tufts and of the Humboldt Chair of Digital Humanities at the University of Leipzig, the CapiTainS project aims to offer open source, reusable and extensible software solutions to simplify the development and promotion of digital editions and publications. This toolkit enables researchers to insert their project into a network of open and reusable data, and helps reduce costs in mining them.},
	language = {fr},
	number = {73},
	urldate = {2018-04-26},
	journal = {Médiévales. Langues, Textes, Histoire},
	author = {Clérice, Thibault},
	month = dec,
	year = {2017},
	pages = {115--131}
}


@book{firth_papers_1957,
	title = {Papers in linguistics, 1934-1951},
	language = {en},
	publisher = {Oxford University Press},
	author = {Firth, John Rupert},
	year = {1957},
	keywords = {Language and languages, Linguistics, Phonetics}
}

@inproceedings{TXM,
  TITLE = {{The TXM Platform: Building Open-Source Textual Analysis Software Compatible with the TEI Encoding Scheme}},
  AUTHOR = {Heiden, Serge},
  URL = {https://halshs.archives-ouvertes.fr/halshs-00549764},
  BOOKTITLE = {{24th Pacific Asia Conference on Language, Information and Computation}},
  ADDRESS = {Sendai, Japan},
  EDITOR = {R. Otoguro and K. Yoshimoto and K. Ishikawa and H. Umemoto and \& Y. Harada},
  PUBLISHER = {{Institute for Digital Enhancement of Cognitive Development, Waseda University}},
  VOLUME = {2/3},
  PAGES = {389‑398},
  YEAR = {2010},
  MONTH = Nov,
  KEYWORDS = {textometry ; open-source ; search engine ; statistical analysis ; xml-tei corpora},
  PDF = {https://halshs.archives-ouvertes.fr/halshs-00549764/file/paclic24_sheiden.pdf},
  HAL_ID = {halshs-00549764},
  HAL_VERSION = {v1},
}

@misc{voyant,
	title = {Voyant {Tools}},
	url = {http://voyant-tools.org/},
	author = {Sinclair, Stéfan and Rockwell, Geoffrey},
	year = {2016}
}

@article{gillivray_greek,
	title = {Vector space models of {Ancient} {Greek} word meaning, and a case study on {Homer}},
	volume = {60},
	language = {en-GB},
	number = {3/2019},
	journal = {Traitement Automatique des Langues},
	author = {Roda, Martina Astric and Probert, Philomen and McGillivray, Barbara},
	year = {2019},
	pages = {63--87}
}


@book{munson_biblical_2017,
	address = {Aachen},
	edition = {1},
	title = {Biblical {Semantics}: {Applying} {Digital} {Methods} for {Semantic} {Information} {Extraction} to {Current} {Problems} in {New} {Testament} {Studies}},
	isbn = {978-3-8440-5442-2},
	shorttitle = {Biblical {Semantics}},
	language = {Englisch},
	publisher = {Shaker},
	author = {Munson, Matthew},
	month = aug,
	year = {2017}
}
@inproceedings{perreaux:eau,
  TITLE = {{Mesurer un syst{\`e}me de repr{\'e}sentation ? Approche statistique du champ lexical de l'eau dans la Patrologie Latine}},
  AUTHOR = {Perreaux, Nicolas},
  BOOKTITLE = {{Mesure et histoire m{\'e}di{\'e}vale}},
  ADDRESS = {Tours, France},
  PUBLISHER = {{Publications de la Sorbonne}},
  PAGES = {365-374},
  YEAR = {2012},
  MONTH = May,
  KEYWORDS = {Moyen {\^A}ge ; Histoire},
  HAL_ID = {halshs-01148891},
  HAL_VERSION = {v1},
}

@article{guerreau_pourquoi_1989,
	title = {Pourquoi (et comment) l'historien doit-il compter les mots ?},
	volume = {4},
	copyright = {free},
	doi = {10.3406/hism.1989.878},
	language = {fre},
	number = {1},
	urldate = {2021-03-08},
	journal = {Histoire \& Mesure},
	author = {Guerreau, Alain},
	year = {1989},
	note = {Publisher: Persée - Portail des revues scientifiques en SHS},
	pages = {81--105}
}

@inproceedings{bloem-etal-2020-distributional,
    title = "Distributional Semantics for Neo-{L}atin",
    author = "Bloem, Jelke  and
      Parisi, Maria Chiara  and
      Reynaert, Martin  and
      Oortwijn, Yvette  and
      Betti, Arianna",
    booktitle = "Proceedings of LT4HALA 2020 - 1st Workshop on Language Technologies for Historical and Ancient Languages",
    month = may,
    year = "2020",
    address = "Marseille, France",
    publisher = "European Language Resources Association (ELRA)",
    url = "https://www.aclweb.org/anthology/2020.lt4hala-1.13",
    pages = "84--93",
    language = "English",
    ISBN = "979-10-95546-53-5",
}


@article{eder_does_2013,
	title = {Does size matter? {Authorship} attribution, small samples, big problem},
	copyright = {Digital Scholarship in the Humanities © The Author 2013. Published by Oxford University Press on behalf of ALLC. All rights reserved. For Permissions, please email: journals.permissions@oup.com},
	issn = {2055-7671, 2055-768X},
	shorttitle = {Does size matter?},
	doi = {10.1093/llc/fqt066},
	language = {en},
	urldate = {2015-11-03},
	journal = {Digital Scholarship in the Humanities},
	author = {Eder, Maciej},
	month = nov,
	year = {2013},
	pages = {fqt066}
}

@article{eder_mind_2013,
	title = {Mind your corpus: systematic errors in authorship attribution},
	volume = {28},
	issn = {0268-1145},
	shorttitle = {Mind your corpus},
	doi = {10.1093/llc/fqt039},
	abstract = {In computational stylistics, any influence of unwanted noise—e.g. caused by an untidily prepared corpus—might lead to biased or false results. Relying on contaminated data is similar to using dirty test tubes in a laboratory: it inescapably means falling into systematic error. An important question is what degree of nonchalance is acceptable to obtain sufficiently reliable results. The present study attempts to verify the impact of unwanted noise in a series of experiments conducted on several corpora of English, German, Polish, Ancient Greek, and Latin prose texts. In 100 iterations, a given corpus was gradually damaged, and controlled tests for authorship were applied. The first experiment was designed to show the correlation between a dirty corpus and attribution accuracy. The second was aimed to test how disorder in word frequencies—produced by scribal and/or editorial modifications—affects the attribution abilities of particular corpora. The goal of the third experiment was to test how much ‘authorial’ data a given text needs to have to trace authorial fingerprint through a mass of external quotations.},
	number = {4},
	urldate = {2021-03-24},
	journal = {Literary and Linguistic Computing},
	author = {Eder, Maciej},
	month = dec,
	year = {2013},
	pages = {603--614}
}



@inproceedings{pie,
    title = "Improving Lemmatization of Non-Standard Languages with Joint Learning",
    author = "Manjavacas, Enrique  and
      K{\'a}d{\'a}r, {\'A}kos  and
      Kestemont, Mike",
    booktitle = "Proceedings of the 2019 Conference of the North {A}merican Chapter of the Association for Computational Linguistics: Human Language Technologies, Volume 1 (Long and Short Papers)",
    month = jun,
    year = "2019",
    address = "Minneapolis, Minnesota",
    publisher = "Association for Computational Linguistics",
    doi = "10.18653/v1/N19-1153",
    pages = "1493--1503"
}

@misc{pie_extended,
  author       = {Clérice, Thibault},
  title        = {Pie Extended, an extension for Pie with pre-processing and post-processing},
  month        = jun,
  year         = 2020,
  publisher    = {Zenodo},
  doi          = {10.5281/zenodo.3883589},
}

@misc{lasla_model,
  author       = {Thibault Clérice},
  title        = {Latin Lasla Model},
  month        = jan,
  year         = 2021,
  publisher    = {Zenodo},
  version      = {0.0.5b},
  doi          = {10.5281/zenodo.4438102},
}

@article{perreaux:cbma,
  TITLE = {{CBMA. Chartae Burgundiae Medii Aevi VII.``~Le ``vocabulaire courant'' en diplomatique~: techniques et approches compar{\'e}es~''}},
  AUTHOR = {Perreaux, Nicolas and rey, coraline},
  JOURNAL = {{Bulletin du Centre d'{\'e}tudes m{\'e}di{\'e}vales d'Auxerre}},
  PUBLISHER = {{Centre d'{\'e}tudes m{\'e}di{\'e}vales d'Auxerre : ARTEHIS, UMR CNRS/uB }},
  NUMBER = {17.1},
  YEAR = {2013},
  MONTH = Apr,
  DOI = {10.4000/cem.13172},
  HAL_ID = {hal-01942380},
  HAL_VERSION = {v1},
}

@inproceedings{morsel:guerreau,
  TITLE = {{Quelques propositions pour l'{\'e}tude de la noblesse europ{\'e}enne {\`a} la fin du Moyen {\^A}ge}},
  AUTHOR = {Morsel, Joseph},
  URL = {https://halshs.archives-ouvertes.fr/halshs-02529976},
  BOOKTITLE = {{Discurso, memoria y representaci{\'o}n : la nobleza peninsular en la Baja Edad Media (XLII Semana de Estudios Medievales de Estella)}},
  ADDRESS = {Estella, Spain},
  ORGANIZATION = {{Gobierno de Navarra, Pamplona}},
  PUBLISHER = {{Gobierno de Navarra, Pamplona}},
  SERIES = {Discurso, memoria y representaci{\'o}n : la nobleza peninsular en la Baja Edad Media (Actas de la XLII Semana de Estudios Medievales de Estella, 21 al 24 de julio 2015)},
  PAGES = {449-499},
  YEAR = {2015},
  MONTH = Jun,
  KEYWORDS = {Adel ; Freiz{\"u}gigkeit ; Heirat ; Freundschaft ; Methodologie ; nobility ; aristocracy ; mobility ; matrimony ; friendship ; methods ; noblesse ; aristocratie ; mobilit{\'e} ; mariage ; amiti{\'e} ; m{\'e}thodologie ; lexicom{\'e}trie},
  PDF = {https://halshs.archives-ouvertes.fr/halshs-02529976/file/Morsel%20%28Nobleza%29%202016.pdf},
  HAL_ID = {halshs-02529976},
  HAL_VERSION = {v1},
}

@article{evert2005statistics,
  title={The statistics of word cooccurrences: word pairs and collocations},
  author={Evert, Stefan},
  year={2005}
}

@article{antoniak_evaluating_2018,
	title = {Evaluating the {Stability} of {Embedding}-based {Word} {Similarities}},
	volume = {6},
	copyright = {Copyright (c) 2018 Association for Computational Linguistics},
	issn = {2307-387X},
	url = {https://transacl.org/ojs/index.php/tacl/article/view/1202},
	abstract = {Word embeddings are increasingly being used as a tool to study word associations in specific corpora. However, it is unclear whether such embeddings reflect enduring properties of language or if they are sensitive to inconsequential variations in the source documents. We find that nearest-neighbor distances are highly sensitive to small changes in the training corpus for a variety of algorithms. For all methods, including specific documents in the training set can result in substantial variations. We show that these effects are more prominent for smaller training corpora. We recommend that users never rely on single embedding models for distance calculations, but rather average over multiple bootstrap samples, especially for small corpora.},
	language = {en},
	number = {0},
	urldate = {2018-03-09},
	journal = {Transactions of the Association for Computational Linguistics},
	author = {Antoniak, Maria and Mimno, David},
	month = feb,
	year = {2018},
	pages = {107--119}
}

@article{vrehuuvrek2011gensim,
  title={Gensim—statistical semantics in python},
  author={Řehůřek, Radim and Sojka, Petr and others},
  journal={Retrieved from genism. org},
  year={2011}
}



@inproceedings{nicolas_a_2006,
	title = {À la recherche des fins d'acte et des fins de scène dans les comédies de {Térence} lues par {Donat}},
	volume = {31-2: volume 31},
	abstract = {Donat enseigne qu'il doit y avoir cinq actes dans une comédie de Térence. On prouve que ce dogme est relativement récent et artificiel mais qu'il n'en est pas moins impérieux. Du coup, comment trouver un découpage cohérent en actes et en scènes dans un matériau textuel qui n'a pas été pensé d'emblée pour obéir au dogme de la quinquepartitio ? Les critères de Donat pour rechercher la fin de scène ou la fin d'acte sont divers : quête du passage où le plateau se vide ; quête de mouvements dramaturgiques comme la catastrophe ; critères métriques. On constate qu'à bien des égards, quand il y a discordance entre lui et nous, le découpage proposé par Donat est mieux pensé que celui des Modernes.},
	language = {fr},
	urldate = {2021-04-23},
	publisher = {De Boccard (diffusion)},
	author = {Nicolas, Christian},
	month = sep,
	year = {2006},
	note = {Issue: tome 2},
	pages = {p. 595}
}

@article{bureau_quelques_2012,
	title = {Quelques réflexions sur la notion de littérarité à partir de l’édition numérique de commentateurs anciens},
	copyright = {Tous droits réservés},
	issn = {1777-5485},
	doi = {10.4000/interferences.186},
	abstract = {La coexistence actuelle du livre et des objets numériques, parce qu’elle interroge le statut du livre et donc de la littérarité qu’il est censé contenir, invite, pour sortir d’une pure logique d’opposition, à s’interroger à nouveau sur ce qui donne, depuis les Anciens, son caractère littéraire à un texte. L’article envisage cette histoire sous l’angle de la prise en compte des conditions matérielles de la transmission du discours devenu texte en montrant que toute édition comporte en réalité sa propre réflexion sur la littérarité des textes concernés, et qu’ainsi la littérarité d’un texte ancien peut aussi se penser en termes de succession de littérarités.},
	language = {fr},
	number = {6},
	urldate = {2021-04-23},
	journal = {Interférences. Ars scribendi},
	author = {Bureau, Bruno},
	month = jan,
	year = {2012}
}



@misc{cayless_fr_2020,
	title = {{FR}: {Declarative} {Citation} {Structure} · {Issue} \#1957 · {TEIC}/{TEI}},
	shorttitle = {{FR}},
	url = {https://github.com/TEIC/TEI/issues/1957},
	abstract = {The TEI element \&lt;cRefPattern\&gt; defines a mechanism for resolving \&quot;canonical\&quot; references into machine-actionable URIs. While it permits automated resolution of these references, it do...},
	language = {en},
	urldate = {2021-05-25},
	journal = {GitHub},
	author = {Cayless, Hugh and Clérice, Thibault},
	month = jan,
	year = {2020}
}


@book{canfora_conservazione_2016,
	address = {Bari, Italie},
	title = {Conservazione e perdita dei classici},
	isbn = {978-88-6479-163-0},
	language = {italien},
	publisher = {Stilo editrice},
	author = {Canfora, Luciano},
	year = {2016}
}


@book{catulle_poesies_1932,
	address = {Paris, France},
	title = {Poésies},
	language = {français},
	publisher = {les Belles Lettres},
	author = {Catulle and Lafaye, Georges},
	year = {1932},
	note = {ISSN: 0184-7155}
}

@book{catulle_les_1957,
	address = {Bruxelles (Berchem), Belgique},
	title = {Les deux livres de {Catulle}},
	language = {latin, français},
	publisher = {Latomus Revue d'Etudes Latines},
	author = {Catulle and Herrmann, Léon},
	year = {1957},
	note = {ISSN: 1378-8760},
	keywords = {Catulle (0087?-0052? av. J.-C.)},
}


@article{fotheringham_numbers_2007,
	title = {The {Numbers} in the {Margins} and the {Structure} of {Cicero}'s "{Pro} {Murena}"},
	volume = {54},
	issn = {0017-3835},
	url = {https://www.jstor.org/stable/20204178},
	number = {1},
	urldate = {2021-05-26},
	journal = {Greece \& Rome},
	author = {Fotheringham, Lynn S.},
	year = {2007},
	note = {Publisher: Cambridge University Press},
	pages = {40--60}
}

@article{schoch_topic_2017,
	title = {Topic {Modeling} {Genre}: {An} {Exploration} of {French} {Classical} and {Enlightenment} {Drama}},
	volume = {011},
	issn = {1938-4122},
	shorttitle = {Topic {Modeling} {Genre}},
	number = {2},
	journal = {Digital Humanities Quarterly},
	author = {Schöch, Christof},
	month = may,
	year = {2017}
}


@article{kontges_measuring_2020,
	title = {Measuring {Philosophy} in the {First} {Thousand} {Years} of {Greek} {Literature}},
	copyright = {Copyright (c) 2020},
	issn = {2364-7957},
	url = {https://journals.ub.uni-heidelberg.de/index.php/dco/article/view/73197},
	doi = {10.11588/dco.2020.2.73197},
	abstract = {In this pilot study, the author applied LDA topic modelling to train a machine to automatically identify philosophical passages in a corpus (produced by the Open Greek and Latin group and the Perseus Digital Library) representing the preponderance of extant works of the first thousand years of Greek literature. The author utilises qualitative data analysis, document vectors produced through topic modelling, and Classics domain knowledge to distil three numeric scores for philosophical text in Ancient Greek. One measures “good and virtue”, while the second score measures “scientific enquiry”, and the third combines the two to measure “philosophicalness”. The scores are applicable to passages, works, and workgroups within the corpus and performed well in identifying works by philosophers and  passages by non-philosophers containing  philosophical components. Thus, this method represents a widely applicable, scalable, unbiased way to find research-relevant passages in a corpus that is too large to be read in its entirety.},
	language = {en},
	urldate = {2021-11-07},
	journal = {Digital Classics Online},
	author = {Köntges, Thomas},
	month = jun,
	year = {2020},
	pages = {1--23},
	file = {Full Text PDF:/home/thibault/.mozilla/firefox/dqyoiprc.default/zotero/storage/WN7EA3TM/Köntges - 2020 - Measuring Philosophy in the First Thousand Years o.pdf:application/pdf},
}


@inproceedings{stringham_evaluating_2020,
	address = {Online},
	title = {Evaluating {Word} {Embeddings} on {Low}-{Resource} {Languages}},
	url = {https://aclanthology.org/2020.eval4nlp-1.17},
	doi = {10.18653/v1/2020.eval4nlp-1.17},
	abstract = {The analogy task introduced by Mikolov et al. (2013) has become the standard metric for tuning the hyperparameters of word embedding models. In this paper, however, we argue that the analogy task is unsuitable for low-resource languages for two reasons: (1) it requires that word embeddings be trained on large amounts of text, and (2) analogies may not be well-defined in some low-resource settings. We solve these problems by introducing the OddOneOut and Topk tasks, which are specifically designed for model selection in the low-resource setting. We use these metrics to successfully tune hyperparameters for a low-resource emoji embedding task and word embeddings on 16 extinct languages. The largest of these languages (Ancient Hebrew) has a 41 million token dataset, and the smallest (Old Gujarati) has only a 1813 token dataset.},
	urldate = {2021-11-07},
	booktitle = {Proceedings of the {First} {Workshop} on {Evaluation} and {Comparison} of {NLP} {Systems}},
	publisher = {Association for Computational Linguistics},
	author = {Stringham, Nathan and Izbicki, Mike},
	month = nov,
	year = {2020},
	pages = {176--186},
	file = {Full Text PDF:/home/thibault/.mozilla/firefox/dqyoiprc.default/zotero/storage/3GF8228P/Stringham and Izbicki - 2020 - Evaluating Word Embeddings on Low-Resource Languag.pdf:application/pdf},
}


@article{mikolov_efficient_2013,
	title = {Efficient {Estimation} of {Word} {Representations} in {Vector} {Space}},
	url = {http://arxiv.org/abs/1301.3781},
	abstract = {We propose two novel model architectures for computing continuous vector representations of words from very large data sets. The quality of these representations is measured in a word similarity task, and the results are compared to the previously best performing techniques based on different types of neural networks. We observe large improvements in accuracy at much lower computational cost, i.e. it takes less than a day to learn high quality word vectors from a 1.6 billion words data set. Furthermore, we show that these vectors provide state-of-the-art performance on our test set for measuring syntactic and semantic word similarities.},
	urldate = {2021-09-19},
	journal = {arXiv:1301.3781 [cs]},
	author = {Mikolov, Tomas and Chen, Kai and Corrado, Greg and Dean, Jeffrey},
	month = sep,
	year = {2013},
	note = {arXiv: 1301.3781},
	keywords = {Computer Science - Computation and Language},
	file = {arXiv Fulltext PDF:/home/thibault/.mozilla/firefox/dqyoiprc.default/zotero/storage/7KQLD9CL/Mikolov et al. - 2013 - Efficient Estimation of Word Representations in Ve.pdf:application/pdf;arXiv.org Snapshot:/home/thibault/.mozilla/firefox/dqyoiprc.default/zotero/storage/W9UDND3E/1301.html:text/html},
}

