@software{Clerice_OCR_Sycophant_2021,
author = {Clérice, Thibault},
doi = {10.5281/zenodo.389294890},
month = {7},
title = {{OCR Sycophant}},
version = {0.0.4},
year = {2021}
}

@software{Clerice_Pyrrha_2021,
author = {Clérice, Thibault and Pilla, Julien},
doi = {10.5281/zenodo.2325427},
month = {7},
title = {{Pyrrha}},
version = {3.0.0},
year = {2021}
}

@software{thibault_clerice_2020_corpus_latin,
  author       = {Clérice, Thibault},
  title        = {Corpus Latin antiquité et antiquité tardive lemmatisé},
  month        = apr,
  year         = 2021,
  publisher    = {Zenodo},
  version      = {0.1.3},
  doi          = {10.5281/zenodo.4337145},
  url          = {https://doi.org/10.5281/zenodo.4337145}
}
@software{Clerice_Lasciva_Roma_Lexical_2022,
author = {Clérice, Thibault},
doi = {10.5281/zenodo.1234},
month = {1},
title = {{Lasciva Roma, Lexical Data}},
url = {https://github.com/lascivaroma/lexical},
version = {0.0.1},
year = {2022}
}
@software{Clerice_Corpora_of_rare_2021,
author = {Clérice, Thibault},
doi = {10.5281/zenodo.4384732},
month = {4},
title = {{Corpora of rare texts, Lasciva Roma}},
version = {latest},
year = {2021}
}

@misc{Clerice_Lemmatisation_et_analyse_2021,
author = {Clérice, Thibault},
month = {12},
title = {{Lemmatisation et analyse morpho-syntaxique des Priapées}},
url = {https://github.com/lascivaroma/priapea-lemmatization},
year = {2021}
}

@software{Clerice_Digital_edition_of_2020,
author = {Clérice, Thibault},
doi = {10.5281/zenodo.815447},
month = {5},
title = {{Digital edition of Priapea, Lasciva Roma}},
version = {1.1.18},
year = {2020}
}

@misc{noauthor_papie_2021,
	title = {({Pa}){PIE}: {A} {Framework} for {Joint} {Learning} of {Sequence} {Labeling} {Tasks}},
    author = {Clérice, Thibault},
	copyright = {MIT},
	shorttitle = {({Pa}){PIE}},
	url = {https://github.com/lascivaroma/PaPie},
	urldate = {2022-01-19},
	publisher = {Lasciva Roma},
	month = jun,
	year = {2021},
	note = {original-date: 2021-05-19T13:31:47Z},
}


@misc{noauthor_corpus-builder_2021,
	title = {corpus-builder},
	copyright = {MPL-2.0},
	url = {https://github.com/lascivaroma/corpus-builder},
	urldate = {2022-01-19},
	publisher = {Lasciva Roma},
	month = mar,
	year = {2021},
	note = {original-date: 2018-03-20T18:20:36Z},
}


@misc{noauthor_forcellini-lemmas_2021,
	title = {forcellini-lemmas},
	copyright = {MPL-2.0},
	url = {https://github.com/lascivaroma/forcellini-lemmas},
	urldate = {2022-01-19},
	publisher = {Lasciva Roma},
	month = aug,
	year = {2021},
	note = {original-date: 2020-05-01T07:43:13Z},
}


@misc{noauthor_lascivaromawebapp_nodate,
	title = {lascivaroma/webapp},
	url = {https://github.com/lascivaroma/webapp},
	abstract = {Contribute to lascivaroma/webapp development by creating an account on GitHub.},
	language = {en},
	urldate = {2022-01-19},
	journal = {GitHub},
}

@software{Clerice_Digital_Latin_Library_2021,
author = {Clérice, Thibault and Souvay, Hippolyte Souvay and Ferrandi, Etienne and Giovannangeli, Vincent and Ouchen, Akim and Maronet, Léa and Arnaud, Émilien and Kruusmaa, Krister and Barré, Jean},
doi = {10.5281/zenodo.4644217},
month = {5},
title = {{Digital Latin Library, converted to Capitains Guidelines}},
version = {latest},
year = {2021}
}

@misc{noauthor_pompei_2017,
	title = {Pompei {Inscriptions} {Corpus} for {CapiTainS}},
	url = {https://github.com/lascivaroma/pompei-inscriptions},
	abstract = {Corpus of Inscriptions from Pompei, including graffitis.},
	urldate = {2022-01-19},
	publisher = {Lasciva Roma},
	month = jun,
	year = {2017},
	note = {original-date: 2017-06-09T14:53:18Z},
}
