@unpublished{camps:halshs-03353125,
    title        = {{Corpus and Models for Lemmatisation and POS-tagging of Old French}},
    author       = {Camps, Jean-Baptiste and Cl{\'e}rice, Thibault and Duval, Fr{\'e}d{\'e}ric and Ing, Lucence and Kanaoka, Naomi and Pinche, Ariane},
    year         = 2021,
    url          = {https://halshs.archives-ouvertes.fr/halshs-03353125},
    hal_id       = {halshs-03353125},
    hal_version  = {v1},
}
@article{ceresato_lanalisi_2021,
    title        = {L’analisi lessicale dell’"{Entrée} d’{Espagne}": bilancio di una prima sperimentazione},
    author       = {Ceresato, Floriana},
    year         = 2021,
    month        = dec,
    journal      = {Francigena},
    volume       = 7,
    number       = {0},
    issn         = {2420-9767},
    url          = {https://www.francigena-unipd.com/index.php/francigena/article/view/71},
    urldate      = {2022-01-27},
}
@inproceedings{reboul:hal-03340641,
    title        = {{Multilingual word embeddings and low resources: identifying influence in Antiquity}},
    author       = {Reboul, Marianne},
    year         = 2021,
    month        = Sep,
    booktitle    = {{JADH 2021 ``Digital Humanities and COVID-19''}},
    address      = {Tokyo, Japan},
    series       = {The 11th Conference of Japanese Association for Digital Humanities : Proceedings of JADH conference},
    volume       = 2021,
    pages        = {51--54},
    organization = {{Organizing Committee, Japanese Association for Digital Humanities}},
    hal_id       = {hal-03340641},
    hal_version  = {v1},
}
@article{pyrrhachahan,
    title        = {Digitalization and Enrichment of the Նոր Բառգիրք Հայկազեան Լեզուի: Work in Progress for Armenian Lexicography},
    author       = {Vidal-Gorène, Chahan and Decours-Perez, Aliénor and Queuche, Baptiste and Ouzounian, Agnès and Riccioli, Thomas},
    year         = 2021,
    journal      = {Journal of the Society for Armenian Studies},
    publisher    = {Brill},
    address      = {Leiden, The Netherlands},
    volume       = 27,
    number       = 2,
    pages        = {224--244},
    doi          = {10.1163/26670038-12342714},
}
@article{cho_properties_2014,
    title        = {On the {Properties} of {Neural} {Machine} {Translation}: {Encoder}-{Decoder} {Approaches}},
    author       = {Cho, Kyunghyun and van Merrienboer, Bart and Bahdanau, Dzmitry and Bengio, Yoshua},
    year         = 2014,
    month        = oct,
    journal      = {arXiv:1409.1259 [cs, stat]},
    url          = {http://arxiv.org/abs/1409.1259},
    urldate      = {2020-04-13},
    keywords     = {Apprentissage profond: architectures},
}
@article{devlin_bert_2019,
    title        = {{BERT}: {Pre}-training of {Deep} {Bidirectional} {Transformers} for {Language} {Understanding}},
    author       = {Devlin, Jacob and Chang, Ming-Wei and Lee, Kenton and Toutanova, Kristina},
    year         = 2019,
    month        = may,
    journal      = {arXiv:1810.04805 [cs]},
    url          = {http://arxiv.org/abs/1810.04805},
    urldate      = {2020-04-17},
    keywords     = {Apprentissage profond: architectures},
}
@article{hochreiter_long_1997,
    title        = {Long {Short}-{Term} {Memory}},
    author       = {Hochreiter, Sepp and Schmidhuber, Jürgen},
    year         = 1997,
    month        = nov,
    journal      = {Neural Computation},
    volume       = 9,
    number       = 8,
    pages        = {1735--1780},
    doi          = {10.1162/neco.1997.9.8.1735},
    keywords     = {Apprentissage profond: architectures},
}
@misc{lynn_get_2018,
    title        = {Get {Busy} with {Word} {Embeddings} – {An} {Introduction}},
    author       = {Lynn, Shane},
    year         = 2018,
    month        = feb,
    journal      = {Shane Lynn},
    url          = {https://www.shanelynn.ie/get-busy-with-word-embeddings-introduction/},
    urldate      = {2020-04-15},
    keywords     = {Apprentissage profond: architectures},
}
@misc{nguyen_illustrated_2019,
    title        = {Illustrated {Guide} to {LSTM}’s and {GRU}’s: {A} step by step explanation},
    author       = {Nguyen, Michael},
    year         = 2019,
    month        = jul,
    journal      = {Medium},
    url          = {https://towardsdatascience.com/illustrated-guide-to-lstms-and-gru-s-a-step-by-step-explanation-44e9eb85bf21},
    urldate      = {2020-04-10},
    keywords     = {Apprentissage profond: architectures},
}
@inproceedings{shen_large-scale_2021,
    title        = {Large-{Scale} {Historical} {Watermark} {Recognition}: dataset and a new consistency-based approach},
    author       = {Shen, Xi and Pastrolin, Ilaria and Bounou, Oumayma and Gidaris, Spyros and Smith, Marc and Poncet, Olivier and Aubry, Mathieu},
    year         = 2021,
    month        = jan,
    booktitle    = {2020 25th {International} {Conference} on {Pattern} {Recognition} ({ICPR})},
    pages        = {6810--6817},
    doi          = {10.1109/icpr48806.2021.9412762},
    keywords     = {Apprentissage profond: architectures},
}
@article{vaswani_attention_2017,
    title        = {Attention {Is} {All} {You} {Need}},
    author       = {Vaswani, Ashish and Shazeer, Noam and Parmar, Niki and Uszkoreit, Jakob and Jones, Llion and Gomez, Aidan N. and Kaiser, Lukasz and Polosukhin, Illia},
    year         = 2017,
    month        = dec,
    journal      = {arXiv:1706.03762 [cs]},
    url          = {http://arxiv.org/abs/1706.03762},
    urldate      = {2020-04-17},
    keywords     = {Apprentissage profond: architectures},
}
@inproceedings{optuna_2019,
    title        = {Optuna: A Next-generation Hyperparameter Optimization Framework},
    author       = {Akiba, Takuya and Sano, Shotaro and Yanase, Toshihiko and Ohta, Takeru and Koyama, Masanori},
    year         = 2019,
    booktitle    = {Proceedings of the 25rd {ACM} {SIGKDD} International Conference on Knowledge Discovery and Data Mining},
    keywords     = {Apprentissage profond: entraînement et prédiction},
}
@article{camacho-collados_role_2018,
    title        = {On the {Role} of {Text} {Preprocessing} in {Neural} {Network} {Architectures}: {An} {Evaluation} {Study} on {Text} {Categorization} and {Sentiment} {Analysis}},
    author       = {Camacho-Collados, Jose and Pilehvar, Mohammad Taher},
    year         = 2018,
    month        = aug,
    journal      = {arXiv:1707.01780 [cs]},
    url          = {http://arxiv.org/abs/1707.01780},
    urldate      = {2020-11-18},
    keywords     = {Apprentissage profond: entraînement et prédiction},
}
@article{hermans_defense_2017,
    title        = {In {Defense} of the {Triplet} {Loss} for {Person} {Re}-{Identification}},
    author       = {Hermans, Alexander and Beyer, Lucas and Leibe, Bastian},
    year         = 2017,
    month        = nov,
    journal      = {arXiv:1703.07737 [cs]},
    url          = {http://arxiv.org/abs/1703.07737},
    urldate      = {2021-10-26},
    keywords     = {Apprentissage profond: entraînement et prédiction},
}
@misc{musgrave2020pytorch,
    title        = {PyTorch Metric Learning},
    author       = {Kevin Musgrave and Serge Belongie and Ser-Nam Lim},
    year         = 2020,
    primaryclass = {cs.CV},
    keywords     = {Apprentissage profond: entraînement et prédiction},
}
@article{khosla_supervised_2021,
    title        = {Supervised {Contrastive} {Learning}},
    author       = {Khosla, Prannay and Teterwak, Piotr and Wang, Chen and Sarna, Aaron and Tian, Yonglong and Isola, Phillip and Maschinot, Aaron and Liu, Ce and Krishnan, Dilip},
    year         = 2021,
    month        = mar,
    journal      = {arXiv:2004.11362 [cs, stat]},
    url          = {http://arxiv.org/abs/2004.11362},
    urldate      = {2021-10-26},
    keywords     = {Apprentissage profond: entraînement et prédiction},
}
@inproceedings{pasupa_comparison_2016,
    title        = {A comparison between shallow and deep architecture classifiers on small dataset},
    author       = {Pasupa, Kitsuchart and Sunhem, Wisuwat},
    year         = 2016,
    month        = oct,
    booktitle    = {2016 8th {International} {Conference} on {Information} {Technology} and {Electrical} {Engineering} ({ICITEE})},
    pages        = {1--6},
    doi          = {10.1109/iciteed.2016.7863293},
    keywords     = {Apprentissage profond: entraînement et prédiction},
}
@article{strathern_improving_1997,
    title        = {‘{Improving} ratings’: audit in the {British} {University} system},
    author       = {Strathern, Marilyn},
    year         = 1997,
    month        = jul,
    journal      = {European Review},
    volume       = 5,
    number       = 3,
    pages        = {305--321},
    keywords     = {Apprentissage profond: entraînement et prédiction},
}
@misc{wright_new_2019,
    title        = {New {Deep} {Learning} {Optimizer}, {Ranger}: {Synergistic} combination of {RAdam} + {LookAhead} for the best of…},
    author       = {Wright, Less},
    year         = 2019,
    month        = sep,
    journal      = {Medium},
    url          = {https://medium.com/@lessw/new-deep-learning-optimizer-ranger-synergistic-combination-of-radam-lookahead-for-the-best-of-2dc83f79a48d},
    urldate      = {2020-12-22},
    keywords     = {Apprentissage profond: entraînement et prédiction},
}
@inproceedings{xuan_improved_2020,
    title        = {Improved {Embeddings} with {Easy} {Positive} {Triplet} {Mining}},
    author       = {Xuan, Hong and Stylianou, Abby and Pless, Robert},
    year         = 2020,
    month        = mar,
    booktitle    = {2020 {IEEE} {Winter} {Conference} on {Applications} of {Computer} {Vision} ({WACV})},
    publisher    = {Ieee},
    address      = {Snowmass Village, CO},
    pages        = {2463--2471},
    doi          = {10.1109/wacv45572.2020.9093432},
    keywords     = {Apprentissage profond: entraînement et prédiction},
}
@misc{csl,
    title        = {Anecdotum medicum},
    year         = 2004,
    journal      = {Corpus Scriptorum Latinorum},
    url          = {https://www.forumromanum.org/literature/anecdotum_medicum/anecdotum_medicum.html},
    urldate      = {2021-12-28},
    collaborator = {Bricout, Sébastien},
    keywords     = {Corpus: Corpora},
}
@misc{noauthor_openmgh_nodate,
    title        = {openMGH},
    publisher    = {Monumenta Germaniae Historica, Bayerischen Staatsbibliothek},
    url          = {https://www.mgh.de/de/mgh-digital/openmgh},
    urldate      = {2021-12-28},
    keywords     = {Corpus: Corpora},
}
@misc{philippe_remacle_site_2008,
    title        = {Site de {Philippe} {Remacle}},
    author       = {{Philippe Remacle} and {Philippe Renault} and {François-Dominique Fournier} and {J. P. Murcia} and {Thierry Vebr} and {Caroline Carrat}},
    year         = 2008,
    journal      = {Remacle.org},
    url          = {http://remacle.org/},
    urldate      = {2021-08-20},
    type         = {Corpus},
    keywords     = {Corpus: Corpora},
}
@misc{bamman_11k_2012,
    title        = {11K Latin Texts},
    author       = {Bamman, David},
    year         = 2015,
    url          = {http://www.cs.cmu.edu/~dbamman/latin.html},
    urldate      = {2021-12-15},
    keywords     = {Corpus: Corpora},
}
@misc{bamman_dbammanlatintexts_2018,
    title        = {dbamman/latin-texts},
    author       = {Bamman, David},
    year         = 2018,
    month        = nov,
    url          = {https://github.com/dbamman/latin-texts},
    urldate      = {2021-12-15},
    keywords     = {Corpus: Corpora},
}
@misc{barry_schein_open_1994,
    title        = {Open {Book} {Initiative}},
    author       = {Barry Schein},
    year         = 1994,
    url          = {https://web.archive.org/web/20030726055107/http://www.theworld.com/obi/},
    urldate      = {2021-12-28},
    keywords     = {Corpus: Corpora},
}
@article{bodard2007inscriptions,
    title        = {Inscriptions of Aphrodisias (IAph2007)},
    author       = {Bodard, G and Rouech{\'e}, Charlotte and Reynolds, J},
    year         = 2007,
    keywords     = {Corpus: Corpora},
}
@article{bureau2008hyperdonat,
    title        = {Hyperdonat, commentaire attribu{\'e} {\`a} Aelius Donat aux com{\'e}dies de T{\'e}rence},
    author       = {Bureau, Bruno and Nicolas, Christian and Ingarao, Maud},
    year         = 2008,
    keywords     = {Corpus: Corpora},
}
@misc{carey_latin_1998,
    title        = {The {Latin} {Library}},
    author       = {Carey, William L.},
    year         = 1998,
    url          = {https://www.thelatinlibrary.com/},
    urldate      = {2021-11-23},
    keywords     = {Corpus: Corpora},
}
@misc{csel_latinlit,
    title        = {CSEL - Open Greek And Latin},
    author       = {Crane, Gregory Ralph and Babeu, Alison and Cerrato, Lisa and Munson, Matthew and Dee, Stella and Gessner, Annette and Robertson, Bruce and  Franzini, Greta and  Stoyanova, Simona and  Selle, Tabea and  Springmann, Uwe and Clérice, Thibault},
    url          = {https://github.com/OpenGreekAndLatin/csel-dev},
    urldate      = {2021-12-27},
    date         = 2021,
    type         = {Corpus},
    keywords     = {Corpus: Corpora},
}
@misc{perseus_latinLit,
    title        = {Perseus Canonical Latin Literature},
    author       = {Crane, Gregory Ralph and Mylonas, Elli and Smith, Neel and Almas, Bridget and Babeu, Alison and Berra, Aurélien and Bonhomme, Marie-Laurence and Brooks, David and Cerrato, Lisa and Clérice, Thibault and Dee, Stella and Ehwald, R. and Frering, Léa and Gessner, Annette and Harrington, J. Matthew and Himes, Zach and Jovanovic, Neven and Konieczny, Michael and Mahoney, Anne and Merrill, William and Mimno, David and Mueller, Lucian and Munson, Matthew and Singhal, Rashmi and Smith, David and Taounza-Jeminet, Alyx and Weaver, Gabriel A. and Wulfman, C.},
    url          = {https://github.com/PerseusDL/canonical-latinLit},
    urldate      = {2021-12-27},
    date         = 2021,
    type         = {Corpus},
    keywords     = {Corpus: Corpora},
}
@article{d2019alim,
    title        = {ALIM (Archivio della Latinit{\`a} Italiana del Medioevo): storia, attualit{\`a}, prospettive di una banca-dati di testi mediolatini},
    author       = {D'Angelo, Edoardo and Monella, Paolo},
    year         = 2019,
    journal      = {ALIM (Archivio della Latinit{\`a} Italiana del Medioevo): storia, attualit{\`a}, prospettive di una banca-dati di testi mediolatini},
    publisher    = {" L'Erma" di Bretschneider},
    pages        = {203--223},
    keywords     = {Corpus: Corpora},
}
@misc{horatiusnet,
    title        = {Horatius.net},
    author       = {G. M., Sever},
    year         = 2010,
    url          = {http://www.horatius.net/},
    urldate      = {2021-12-28},
    keywords     = {Corpus: Corpora},
}
@misc{gerard_greco_latin_2006,
    title        = {{Latin}, {Grec}, {Juxta}},
    author       = {Gréco, Gérard},
    year         = 2006,
    journal      = {http://gerardgreco.free.fr},
    url          = {http://gerardgreco.free.fr/spip.php?page=resume&lang=fr},
    urldate      = {2021-08-20},
    keywords     = {Corpus: Corpora},
}
@misc{hendry_curculio_1995,
    title        = {Curculio – {Michael} {Hendry} {\textbar} {Patiently} {Boring} since 1998},
    author       = {Hendry, Michael},
    year         = 1995,
    url          = {http://curculio.org/},
    urldate      = {2021-11-23},
    keywords     = {Corpus: Corpora},
}
@misc{lassard_roman_2001,
    title        = {Roman {Law} {Library}},
    author       = {Lassard, Yves and Koptev, Alexandr},
    year         = 2001,
    url          = {https://hal.archives-ouvertes.fr/hal-01997440},
    urldate      = {2021-12-14},
    keywords     = {Corpus: Corpora},
}
@misc{capitularies,
    title        = {Capitularies Sentence Corpus (Lemma, POS, Morphology)},
    author       = {Mehler, Alexander and Jussen, Bernhard},
    year         = 2018,
    doi          = {hdl:21.11105/0000-000B-D4D8-2},
    keywords     = {Corpus: Corpora},
}
@misc{meurant_itinera_nodate,
    title        = {Environnements hypertextes, Textes préparés},
    author       = {Meurant, Alain},
    year         = 1998,
    journal      = {Itinera Electronica: Du texte à l'hypertexte},
    url          = {http://agoraclass.fltr.ucl.ac.be/concordances/intro.htm},
    urldate      = {2021-12-14},
    keywords     = {Corpus: Corpora},
}
@misc{digiliblt,
    title        = {Digital Library of Late-Antique Latin Texts},
    author       = {Tabacco, Raffaella and Lana, Maurizio and Balossino, Michele and Bessi, Giancarlo and Bognini, Filippo and Buffa, Martina and Caso, Daniela and Cattaneo, Gianmario and Ciotti, Fabio and Ciusani, Mauro and Colombo, Piero and Cuzzotti, Claudia and del Core, Vincenzo and Della Calce, Elisa and Denicola, Luciano and Digirolamo, Letizia and Ferrandi, Etienne and Ferroni, Manuela and Fontana, Davide and Guiglia, Valeria and Loberti , Martina and Lucciano, Melanie and Maconi, Ludovica and Malaspina, Ermanno and Manuela, Ferroni and Marini, Alessia and Maronet, Léa and Massano, Federico and Mazzucco, Clementina and Mellano, Anastasia and Miglietta, Chiara and Mollea, Simone and Mosca, Laura and Musso, Simona and Naso, Manuela and Paniagua, David and Poncina, Fabio and Ramires, Giuseppe and Rinaldi, Valentina and Rosso, Nadia and Rota, Simona and Rozzi, Stefano and Rugnone, Elisa and Senore, Corinna and Stok, Fabio and Strona, Beatrice and Verny, Romain and Vittoria Martino, Maria},
    url          = {https://digiliblt.uniupo.it/progetto.php},
    urldate      = {2021-12-27},
    date         = 2021,
    type         = {Corpus},
    keywords     = {Corpus: Corpora},
}
@misc{noauthor_neh_nodate,
    title        = {{NEH} grant details: {Digital} {Library} on {Ancient} {Roman} {Culture}},
    url          = {https://securegrants.neh.gov/publicquery/main.aspx?f=1&gn=ED-20458-96},
    urldate      = {2021-11-22},
    keywords     = {Corpus: Histoire},
}
@misc{noauthor_neh_2018,
    title        = {{NEH} grant details: {Summer} {Institute} in {Computer} {Applications} to {Classical} {Studies}},
    year         = 2018,
    month        = jan,
    url          = {https://web.archive.org/web/20180109175650/https://securegrants.neh.gov/publicquery/main.aspx?f=1&gn=EO-10258-69},
    urldate      = {2021-10-30},
    keywords     = {Corpus: Histoire},
}
@misc{noauthor_gregory_nodate,
    title        = {Gregory {Crane}, {Editor} in {Chief}},
    url          = {http://www.perseus.tufts.edu/hopper/about/who/gregoryCrane},
    urldate      = {2021-11-23},
    keywords     = {Corpus: Histoire},
}
@misc{noauthor_history_nodate,
    title        = {History – {CSEL}},
    url          = {http://csel.sbg.ac.at/en/profil/geschichte/},
    urldate      = {2021-12-16},
    keywords     = {Corpus: Histoire},
}
@misc{noauthor_members_nodate,
    title        = {Members {Meetings}},
    journal      = {Text Encoding Initiative Consortium},
    url          = {https://members.tei-c.org/Events/meetings/},
    urldate      = {2021-12-20},
    keywords     = {Corpus: Histoire},
}
@article{andre_cent-cinquante_1974,
    title        = {Cent-cinquante années d'éditions grecques et latines dans la {Bibliotheca} {Teubneriana} de {Leipzig}},
    author       = {André, Jacques},
    year         = 1974,
    journal      = {Bulletin de l'Association Guillaume Budé},
    volume       = 1,
    number       = 3,
    pages        = {359--362},
    doi          = {10.3406/bude.1974.3288},
    url          = {https://www.persee.fr/doc/bude_0004-5527_1974_num_1_3_3288},
    urldate      = {2021-10-11},
    keywords     = {Corpus: Histoire},
}
@misc{bill_thayer_changes_1998,
    title        = {Changes to this site up to and including the year 1999},
    author       = {Bill Thayer},
    year         = 1998,
    journal      = {Lacus Curtius},
    url          = {https://penelope.uchicago.edu/Thayer/E/HELP/New/old/thru_99.html},
    urldate      = {2021-08-20},
    keywords     = {Corpus: Histoire},
}
@inproceedings{borgna2015can,
    title        = {Can we fight the crisis of the Classics with a digital approach?},
    author       = {Borgna, Alice},
    year         = 2015,
    booktitle    = {EADH Day},
    keywords     = {Corpus: Histoire},
}
@article{borgna2017ancient,
    title        = {From Ancient Texts to Maps (and Back Again) in the Digital World. The Digiliblt Project},
    author       = {Borgna, Alice},
    year         = 2017,
    journal      = {Revista de Humanidades Digital{\'e}s},
    volume       = 1,
    pages        = {296--313},
    keywords     = {Corpus: Histoire},
}
@article{brunner_overcoming_1988,
    title        = {{Overcoming} "{Verzettelung}": {A} {Humanistic} {Discipline} {Meets} the {Computer}},
    author       = {Brunner, Theodore F.},
    year         = 1988,
    journal      = {The Classical Outlook},
    volume       = 66,
    number       = 1,
    pages        = {10--13},
    keywords     = {Corpus: Histoire},
}
@incollection{brunner_classics_1993,
    title        = {Classics and the {Computer}. {The} {History} of a {Relationship}},
    author       = {Brunner, Theodore F.},
    year         = 1993,
    booktitle    = {Accessing {Antiquity}: the {Computerization} of {Classical} {Studies}},
    publisher    = {University of Arizona Press},
    editor       = {Solomon, John},
    keywords     = {Corpus: Histoire},
}
@article{bucknall_review_1994,
    title        = {Review of {The} {CETEDOC} {Library} of {Christian} {Latin} {Texts} on {CD}-{ROM}},
    author       = {Bucknall, Tim and McDonough, Christopher M.},
    year         = 1994,
    journal      = {The Classical Journal},
    volume       = 90,
    number       = 1,
    pages        = {90--96},
    keywords     = {Corpus: Histoire},
}
@inproceedings{chaire_de_recherche_sur_les_ecritures_numeriques_exemple_2018,
    title        = {Un exemple d'édition critique et analytique: le projet {HyperDonat}},
    author       = {Bureau, Bruno},
    year         = 2018,
    month        = nov,
    publisher    = {Chaire de recherche sur les écritures numériques},
    url          = {https://www.youtube.com/watch?v=E6W6h4Qhve8},
    urldate      = {2021-12-14},
    keywords     = {Corpus: Histoire},
}
@article{burnard_report_1988,
    title        = {Report of {Workshop} on {Text} {Encoding} {Guidelines}},
    author       = {Burnard, Lou D.},
    year         = 1988,
    month        = jan,
    journal      = {Literary and Linguistic Computing},
    volume       = 3,
    number       = 2,
    pages        = {131--133},
    doi          = {10.1093/llc/3.2.131},
    url          = {https://doi.org/10.1093/llc/3.2.131},
    urldate      = {2021-10-22},
    keywords     = {Corpus: Histoire},
}
@incollection{cayless2010epigraphy,
    title        = {Epigraphy in 2017},
    author       = {Cayless, Hugh and Rouech{\'e}, Charlotte and Elliott, Tom and Bodard, Gabriel},
    year         = 2010,
    booktitle    = {Changing the Center of Gravity},
    publisher    = {Gorgias Press},
    pages        = {203--222},
    keywords     = {Corpus: Histoire},
}
@article{chadwick-healey_droit_1993,
    title        = {Droit de réponse},
    author       = {Chadwyck-Healey, Charles},
    year         = 1993,
    month        = jan,
    journal      = {Bulletin de Philosophie Médiévale},
    volume       = 35,
    pages        = 220,
    doi          = {10.1484/j.bpm.3.477},
    url          = {https://www.brepolsonline.net/doi/abs/10.1484/J.BPM.3.477},
    urldate      = {2021-10-22},
    keywords     = {Corpus: Histoire},
}
@article{cornell_greek_1989,
    title        = {Greek, {Computers} and {Libraries}},
    author       = {Cornell, Evelyn},
    year         = 1989,
    month        = jan,
    journal      = {Library Review},
    volume       = 38,
    number       = 5,
    doi          = {10.1108/00242539410134156},
    url          = {https://doi.org/10.1108/00242539410134156},
    urldate      = {2021-08-20},
    keywords     = {Corpus: Histoire},
}
@misc{crane_digital_1998,
    title        = {A {Digital} {Library} for the {Humanities}, a proposal submitted to the {NEH}-{NSF} {Digital} {Libraries} {Initiative}, {Phase} {II}},
    author       = {Crane, Gregory R. and Robert, Jacob and Taylor, Holly and Scaife, Ross and Allen, Nancy},
    year         = 1998,
    month        = jul,
    url          = {https://web.archive.org/web/20011024024616/http://tantalos.perseus.tufts.edu/Props/DLI2/dli2.html},
    urldate      = {2021-11-22},
    keywords     = {Corpus: Histoire},
}
@incollection{schreibman_classics_2004,
    title        = {Classics and the {Computer}: {An} {End} of the {History}},
    author       = {Crane, Gregory R.},
    year         = 2004,
    month        = dec,
    booktitle    = {Companion to {Digital} {Humanities} ({Blackwell} {Companions} to {Literature} and {Culture})},
    publisher    = {Blackwell Publishing Professional},
    address      = {Oxford},
    series       = {Blackwell {Companions} to {Literature} and {Culture}},
    url          = {http://digitalhumanities.org:3030/companion/view?docId=blackwell/9781405103213/9781405103213.xml&chunk.id=ss1-2-4&toc.id=0&brand=9781405103213_brand},
    edition      = {Hardcover},
    editor       = {Schreibman, Susan and Siemens, Ray and Unsworth, John},
    keywords     = {Corpus: Histoire},
}
@inproceedings{crane_building_1996,
    title        = {Building a digital library: the {Perseus} project as a case study in the humanities},
    author       = {Crane, Gregory},
    year         = 1996,
    month        = apr,
    booktitle    = {Proceedings of the first {ACM} international conference on {Digital} libraries},
    publisher    = {Association for Computing Machinery},
    address      = {New York, NY},
    series       = {{Dl} '96},
    pages        = {3--10},
    doi          = {10.1145/226931.226932},
    url          = {https://doi.org/10.1145/226931.226932},
    urldate      = {2021-08-19},
    keywords     = {Corpus: Histoire},
}
@article{crane_perseus_1998,
    title        = {The {Perseus} {Project} and {Beyond}: {How} {Building} a {Digital} {Library} {Challenges} the {Humanities} and {Technology}},
    author       = {Crane, Gregory},
    year         = 1998,
    month        = jan,
    journal      = {D-Lib Magazine},
    url          = {http://dlib.org/dlib/january98/01crane.html},
    urldate      = {2021-08-19},
    keywords     = {Corpus: Histoire},
}
@article{crown_comparing_2000,
    title        = {Comparing the {Patrologia} {Latina} and the {CETEDOC} {Library} of {Christian} {Latin} {Texts} {Databases} from a {User}'s {Perspective}},
    author       = {Crown, Ron W.},
    year         = 2000,
    month        = jun,
    journal      = {Journal of Religious \& Theological Information},
    volume       = 3,
    number       = 1,
    pages        = {85--109},
    doi          = {10.1300/J112v03n01_06},
    url          = {http://www.tandfonline.com/doi/abs/10.1300/J112v03n01_06},
    urldate      = {2021-08-21},
    keywords     = {Corpus: Histoire},
}
@article{dolbeau_concordances_1993,
    title        = {Concordances et {CD}-{ROM} : réflexions d'un utilisateur},
    author       = {Dolbeau, François},
    year         = 1993,
    journal      = {Le médiéviste et l'ordinateur},
    volume       = 28,
    number       = 1,
    pages        = {21--23},
    doi          = {10.3406/medio.1993.1611},
    url          = {https://www.persee.fr/doc/medio_0223-3843_1993_num_28_1_1611},
    urldate      = {2021-08-21},
    keywords     = {Corpus: Histoire},
}
@misc{elliott_links_1998,
    title        = {Links to image and texts of inscriptions},
    author       = {Elliott, Tom},
    year         = 1998,
    month        = jul,
    journal      = {American Society of Greek and Latin Epigraphy},
    url          = {http://web.archive.org/web/19990218102649/http://asgle.classics.unc.edu/img.html},
    urldate      = {2021-12-14},
    keywords     = {Corpus: Histoire},
}
@article{garcea_corpus_2010,
    title        = {Corpus grammaticorum latinorum : un projet de traitement informatique autour des grammairiens latins},
    author       = {Garcea, Alessandro},
    year         = 2010,
    journal      = {Corpus grammaticorum latinorum},
    pages        = {1000--1024},
    doi          = {10.1400/151280},
    url          = {https://www.torrossa.com/en/resources/an/2441908},
    urldate      = {2021-08-20},
    keywords     = {Corpus: Histoire},
}
@article{gelderblom_musisque_2008,
    title        = {Musisque {Deoque}: {Un} {Archivio} {Digitale} di {Poesia} {Latina}/{A} {Digital} {Archive} of {Latin} {Poetry}},
    author       = {Gelderblom, Werner},
    year         = 2008,
    journal      = {Variants: the Journal of the European Society for Textual Scholarship},
    number       = 7,
    pages        = 223,
    keywords     = {Corpus: Histoire},
}
@article{groves_tovs_1990,
    title        = {Tov's "{Data} {Base} for {Septuagint} {Studies}"},
    author       = {Groves, Alan},
    year         = 1990,
    journal      = {The Jewish Quarterly Review},
    volume       = 81,
    number       = {1/2},
    pages        = {166--168},
    doi          = {10.2307/1455265},
    editor       = {Tov, Emanuel},
    keywords     = {Corpus: Histoire},
}
@article{gryson_patrologia_1997,
    title        = {Patrologia {Latina} {Database} ({Book} {Review})},
    author       = {Gryson, R.},
    year         = 1997,
    journal      = {Revue d'Histoire Ecclésiastique},
    volume       = 92,
    number       = 1,
    pages        = {145--149},
    url          = {https://www.proquest.com/docview/1302488116/citation/937D681AD0E04C13PQ/1},
    urldate      = {2021-10-18},
    keywords     = {Corpus: Histoire},
}
@article{gryson_nouvelle_1992,
    title        = {Une nouvelle base de données textuelles. {La} "{Cetedoc} {Library} of {Christian} {Texts}"},
    author       = {Gryson, R.},
    year         = 1992,
    journal      = {Revue d'Histoire Ecclésiastique},
    volume       = 87,
    number       = 2,
    pages        = {417--423},
    url          = {https://www.proquest.com/docview/1302410964/citation/20773FBE0B4B4683PQ/1},
    urldate      = {2021-10-12},
    keywords     = {Corpus: Histoire},
}
@article{gueret_analyse_1977,
    title        = {Analyse informatique et compréhension textuelle. {Le} {CETEDOC} : {Le} laboratoire de recherches textuelles par ordinateur à l’{Université} {Catholique} de {Louvain}.},
    author       = {Gueret, Michel},
    year         = 1977,
    journal      = {Revue LASLA},
    volume       = 3,
    number       = 1977,
    pages        = {45--72},
    url          = {http://web.philo.ulg.ac.be/rissh/wp-content/uploads/sites/10/pdf/Annee1977/03/MGueret.pdf},
    keywords     = {Corpus: Histoire},
}
@misc{harsch_bibliotheca_nodate,
    title        = {Bibliotheca {Augustana}},
    author       = {Harsch, Ulrich},
    year         = 1996,
    journal      = {Bibliotheca Augustana},
    url          = {https://www.hs-augsburg.de/~harsch/augustana.html},
    urldate      = {2021-12-14},
    keywords     = {Corpus: Histoire},
}
@article{helgerson_cd-rom_1988,
    title        = {{CD}-{ROM} and scholarly research in the humanities},
    author       = {Helgerson, Linda W.},
    year         = 1988,
    month        = jun,
    journal      = {Computers and the Humanities},
    volume       = 22,
    number       = 2,
    pages        = {111--116},
    doi          = {10.1007/bf00057650},
    url          = {https://doi.org/10.1007/BF00057650},
    urldate      = {2021-10-18},
    keywords     = {Corpus: Histoire},
}
@book{hockey_electronic_1994,
    title        = {Electronic texts in the {Humanities}: {A} coming of age},
    author       = {Hockey, Susan},
    year         = 1994,
    publisher    = {Graduate School of Library and Information Science, University of Illinois at Urbana-Champaign},
    url          = {https://www.ideals.illinois.edu/handle/2142/392},
    urldate      = {2021-08-19},
    keywords     = {Corpus: Histoire},
}
@article{hughes_ibycus_1986,
    title        = {The {IBYCUS} {SC}: {A} {Multilingual} {Computer} {System} for {Scholars}},
    author       = {Hughes, John J.},
    year         = 1986,
    journal      = {Bits \& Bytes Review},
    volume       = 1,
    number       = 1,
    pages        = {1--8},
    keywords     = {Corpus: Histoire},
}
@book{hughes_bits_1987,
    title        = {Bits, bytes \& biblical studies : a resource guide for the use of computers in biblical and classical studies},
    author       = {Hughes, John Jay},
    year         = 1987,
    publisher    = {Grand Rapids, Mich. : Academie Books},
    url          = {http://archive.org/details/bitsbytesbiblica0000hugh},
    urldate      = {2021-10-12},
    keywords     = {Corpus: Histoire},
}
@article{hugues_homer_1987,
    title        = {From {Homer} to {Hesychius}: {The} {Thesaurus} {Linguae} {Graecae} {Project}},
    author       = {Hugues, J. J.},
    year         = 1987,
    journal      = {Bits and Bytes review},
    volume       = 1,
    number       = 7,
    keywords     = {Corpus: Histoire},
}
@article{iogna-prat_centre_1984,
    title        = {Un centre modèle : le {CETEDOC}},
    author       = {Iogna-Prat, Dominique},
    year         = 1984,
    journal      = {Le médiéviste et l'ordinateur},
    volume       = 12,
    number       = 1,
    pages        = {21--22},
    doi          = {10.3406/medio.1984.1698},
    url          = {https://www.persee.fr/doc/medio_0223-3843_1984_num_12_1_1698},
    urldate      = {2021-10-12},
    keywords     = {Corpus: Histoire},
}
@article{jordan_facts_1994,
    title        = {The {Facts} of the {Patrologia} {Latina} {Database} and the {Theory} of {Text}-{Editing}: {A} {Reply} to {Paul} {Tombeur}},
    author       = {Jordan, M.D.},
    year         = 1994,
    month        = jan,
    journal      = {Bulletin de Philosophie Médiévale},
    volume       = 36,
    pages        = {206--214},
    doi          = {10.1484/j.bpm.3.496},
    url          = {https://www.brepolsonline.net/doi/10.1484/J.BPM.3.496},
    urldate      = {2021-08-21},
    keywords     = {Corpus: Histoire},
}
@article{juhl_ex_1995,
    title        = {Ex {Machina}: {Electronic} {Resources} for the {Classics}},
    author       = {Juhl, Beth},
    year         = 1995,
    keywords     = {Corpus: Histoire},
}
@article{daniel_kozak_classical_2018,
    title        = {Classical {Latin} {Texts}. {A} {Resource} {Prepared} by {The} {Packard} {Humanities} {Institute} ({PHI})},
    author       = {Kozák, Dániel},
    year         = 2018,
    month        = feb,
    journal      = {Ride},
    number       = 8,
    url          = {https://ride.i-d-e.de/issues/issue-8/phi/},
    urldate      = {2021-11-23},
    keywords     = {Corpus: Histoire},
}
@article{lana_metodologie_2012,
    title        = {Metodologie e problematiche per una biblioteca digitale. {Il} caso di {digilibLT}},
    author       = {Lana, Maurizio},
    year         = 2012,
    month        = nov,
    journal      = {DigItalia},
    volume       = 1,
    number       = {0},
    pages        = {40--64},
    url          = {http://digitalia.sbn.it/article/view/516},
    urldate      = {2021-12-14},
    keywords     = {Corpus: Histoire},
}
@article{latousek_fifty_2001,
    title        = {Fifty {Years} of {Classical} {Computing}: {A} {Progress} {Report}},
    author       = {Latousek, Rob},
    year         = 2001,
    journal      = {CALICO Journal},
    volume       = 18,
    number       = 2,
    pages        = {211--222},
    keywords     = {Corpus: Histoire},
}
@article{lomarcan_lacuscurtius_1999,
    title        = {{LacusCurtius}: : {Into} the {Roman} {World}},
    author       = {Lomarcan, Diana},
    year         = 1999,
    month        = jan,
    journal      = {Electronic Resources Review},
    volume       = 3,
    number       = 6,
    pages        = {67--68},
    doi          = {10.1108/err.1999.3.6.67.60},
    url          = {https://doi.org/10.1108/err.1999.3.6.67.60},
    urldate      = {2021-08-20},
    keywords     = {Corpus: Histoire},
}
@article{mcgillivray_tools_2013,
    title        = {Tools for historical corpus research, and a corpus of {Latin}},
    author       = {McGillivray, Barbara and Kilgarriff, Adam},
    year         = 2013,
    journal      = {New Methods in Historical Corpus Linguistics},
    volume       = 1,
    number       = 3,
    pages        = {247--257},
    keywords     = {Corpus: Histoire},
}
@incollection{muellner2019free,
    title        = {The Free First Thousand Years of Greek},
    author       = {Muellner, Leonard},
    year         = 2019,
    booktitle    = {Digital Classical Philology},
    publisher    = {De Gruyter Saur},
    pages        = {7--18},
    keywords     = {Corpus: Histoire},
}
@incollection{mylonas_perseus_1993,
    title        = {The {Perseus} {Project}. {Data} in the {Electronic} {Age}},
    author       = {Mylonas, Elli and {Gregory R. Crane} and {Kenneth Morrell} and Smith, D. Neel},
    year         = 1993,
    booktitle    = {Accessing {Antiquity}: the {Computerization} of {Classical} {Studies}},
    publisher    = {University of Arizona Press},
    editor       = {Solomon, John},
    keywords     = {Corpus: Histoire},
}
@article{nelson_chadwyck-healey_1992,
    title        = {Chadwyck-{Healey} announces the {Patrologia} {Latina} {Database}},
    author       = {Nelson, Nancy Melin},
    year         = 1992,
    month        = jan,
    journal      = {Academic and Library Computing},
    volume       = 9,
    number       = 1,
    pages        = {14--15},
    urldate      = {2021-10-18},
    keywords     = {Corpus: Histoire},
}
@misc{pantelia_electronic_1994,
    title        = {Electronic {Resources} for {Classicists}: {The} {Second} {Generation}},
    author       = {Pantelia, Maria},
    year         = 1994,
    url          = {http://stephanus.tlg.uci.edu/index/projects.html},
    urldate      = {2021-11-09},
    keywords     = {Corpus: Histoire},
}
@article{pellen_les_1993,
    title        = {Les {CD}-{ROM} pour médiévistes : premiers éléments d'une discographie},
    author       = {Pellen, René},
    year         = 1993,
    journal      = {Le médiéviste et l'ordinateur},
    volume       = 28,
    number       = 1,
    pages        = {13--18},
    doi          = {10.3406/medio.1993.1608},
    url          = {https://www.persee.fr/doc/medio_0223-3843_1993_num_28_1_1608},
    urldate      = {2021-08-21},
    keywords     = {Corpus: Histoire},
}
@article{rockwell_face_2013,
    title        = {The {Face} of {Interface}: {Studying} {Interface} to the {Scholarly} {Corpus} and {Edition}},
    author       = {Rockwell, Geoffrey and Ruecker, Stan and Windsor, Jennifer and Ilovan, Mihaela and Sondheim, Daniel},
    year         = 2013,
    month        = aug,
    journal      = {Scholarly and Research Communication},
    volume       = 3,
    doi          = {10.22230/src.2012v3n4a56},
    keywords     = {Corpus: Histoire},
}
@incollection{rockwell_interface_2020,
    title        = {The {Interface} of the {Digital} {Library}: {The} {Perseus} {Digital} {Library} as a {Case} {Study}},
    author       = {Rockwell, Geoffrey and Vela, Sarah and Cerrato, Lisa M. and Ilovan, Mihaela and Ruecker, Stan},
    year         = 2020,
    month        = feb,
    booktitle    = {7. {The} {Interface} of the {Digital} {Library}: {The} {Perseus} {Digital} {Library} as a {Case} {Study}},
    publisher    = {University of Toronto Press},
    pages        = {101--118},
    doi          = {10.3138/9781487531881-012},
    url          = {http://www.degruyter.com/document/doi/10.3138/9781487531881-012/html},
    urldate      = {2021-11-10},
    keywords     = {Corpus: Histoire},
}
@article{smith_dynatext_1993,
    title        = {{DynaText}: {An} {Electronic} {Publishing} {System}},
    author       = {Smith, MacKenzie},
    year         = 1993,
    journal      = {Computers and the Humanities},
    volume       = 27,
    number       = {5/6},
    pages        = {415--420},
    keywords     = {Corpus: Histoire},
}
@article{tombeur_informatique_1997,
    title        = {Informatique et étude de textes médiévaux: méthodes, outils de recherche et projets},
    author       = {Tombeur, Paul},
    year         = 1997,
    month        = jan,
    journal      = {Bulletin de Philosophie Médiévale},
    volume       = 39,
    pages        = {31--44},
    doi          = {10.1484/j.bpm.3.533},
    url          = {https://www.brepolsonline.net/doi/abs/10.1484/J.BPM.3.533},
    urldate      = {2021-11-09},
    keywords     = {Corpus: Histoire},
}
@article{tombeur_pld_1993,
    title        = {La « {Patrologia} {Latina} {Database} ({PLD}) » ou la reproduction informatisée d’un \textit{corpus} textuel établi selon une heuristique et une méthodologie éditoriale dépassées},
    author       = {Tombeur, Paul},
    year         = 1993,
    month        = jan,
    journal      = {Bulletin de Philosophie Médiévale},
    volume       = 35,
    pages        = {223--228},
    doi          = {10.1484/j.bpm.3.478},
    url          = {https://www.brepolsonline.net/doi/10.1484/J.BPM.3.478},
    urldate      = {2021-08-21},
    keywords     = {Corpus: Histoire},
}
@article{tombeur_augustin_2004,
    title        = {Augustin et l'ordinateur: réalisations et projets},
    author       = {Tombeur, Paul},
    year         = 2004,
    journal      = {Revue d'Etudes Augustiniennes et Patristiques},
    volume       = 50,
    number       = 2,
    pages        = {265--269},
    keywords     = {Corpus: Histoire},
}
@article{tombeur_informatique_1992,
    title        = {Informatique et étude de textes médiévaux},
    author       = {Tombeur, Paul},
    year         = 1992,
    month        = jan,
    journal      = {Bulletin de Philosophie Médiévale},
    volume       = 34,
    pages        = {39--53},
    doi          = {10.1484/j.bpm.3.446},
    url          = {https://www.brepolsonline.net/doi/abs/10.1484/J.BPM.3.446},
    urldate      = {2021-10-22},
    keywords     = {Corpus: Histoire},
}
@inproceedings{tombeur_constitution_1981,
    title        = {La constitution d'un thésaurus pour les pères de l'église latine},
    author       = {Tombeur, Paul},
    year         = 1981,
    booktitle    = {Actes du {Congrès} international informatique et sciences humaines},
    address      = {Liège},
    pages        = {870--880},
    keywords     = {Corpus: Histoire},
}
@article{tombeur_reponse_1993,
    title        = {Réponse au droit de réponse demandé par {Sir} {Charles} {Chadwyck}-{Healey}},
    author       = {Tombeur, Paul},
    year         = 1993,
    month        = jan,
    journal      = {Bulletin de Philosophie Médiévale},
    volume       = 35,
    pages        = 220,
    doi          = {10.1484/j.bpm.3.477},
    url          = {https://www.brepolsonline.net/doi/abs/10.1484/J.BPM.3.477},
    urldate      = {2021-10-22},
    keywords     = {Corpus: Histoire},
}
@article{zahn_kirchenvater-texte_1992,
    title        = {Kirchenväter-{Texte} im {CD}-{ROM}-{Speicher}:},
    author       = {Zahn, Peter},
    year         = 1992,
    month        = jan,
    volume       = 16,
    number       = 3,
    pages        = {419--427},
    doi          = {10.1515/bfup.1992.16.3.419},
    url          = {https://www.degruyter.com/document/doi/10.1515/bfup.1992.16.3.419/html},
    urldate      = {2021-10-21},
    keywords     = {Corpus: Histoire},
}
@incollection{noauthor_design_1988,
    title        = {Design {Principles} for {Text} {Encoding} {Guidelines}},
    year         = 1988,
    booktitle    = {{TEI} {Guidelines}},
    publisher    = {Text Encoding Iniitiative},
    url          = {https://web.archive.org/web/20040101171339/https://tei-c.org/Vault/ED/edp01.htm},
    urldate      = {2021-10-14},
    keywords     = {Corpus: Méthodes},
}
@unpublished{almas_distributed_2021,
    title        = {Distributed {Text} {Services} ({DTS}): a {Community}-built {API} to {Publish} and {Consume} {Text} {Collections} as {Linked} {Data}},
    author       = {Almas, Bridget and Clérice, Thibault and Cayless, Hugh and Jolivet, Vincent and Liuzzo, Pietro Maria and Romanello, Matteo and Robie, Jonathan and Scott, Ian W.},
    year         = 2021,
    month        = mar,
    url          = {https://hal.archives-ouvertes.fr/hal-03183886},
    urldate      = {2021-12-22},
    keywords     = {Corpus: Méthodes},
}
@article{almas_continuous_2018,
    title        = {Continuous {Integration} and {Unit} {Testing} of {Digital} {Editions}},
    author       = {Almas, Bridget and Clérice, Thibault},
    year         = 2018,
    month        = jan,
    journal      = {Digital Humanities Quarterly},
    volume       = {011},
    number       = 4,
    keywords     = {Corpus: Méthodes},
}
@incollection{babeu2019perseus,
    title        = {The Perseus Catalog: of FRBR, finding aids, linked data, and open Greek and Latin},
    author       = {Babeu, Alison},
    year         = 2019,
    booktitle    = {Digital Classical Philology},
    publisher    = {De Gruyter Saur},
    pages        = {53--72},
    keywords     = {Corpus: Méthodes},
}
@article{blackwell2019cite,
    title        = {The cite architecture: a conceptual and practical overview},
    author       = {Blackwell, Christopher W and Smith, Neel},
    year         = 2019,
    journal      = {Digital Classical Philology},
    publisher    = {De Gruyter Saur},
    pages        = {73--94},
    keywords     = {Corpus: Méthodes},
}
@misc{burghart_edition_2011,
    title        = {Édition électronique de sources : {XML} et {Text} {Encoding} {Initiative} ({TEI}) à l'École},
    author       = {Burghart, Marjorie and Dufournaud, Nicole},
    year         = 2011,
    month        = jan,
    journal      = {La Lettre de l'École des hautes études en sciences sociales},
    url          = {http://lettre.ehess.fr/index.php?1530},
    urldate      = {2021-12-14},
    keywords     = {Corpus: Méthodes},
}
@inproceedings{cayless_introducing_2021,
    title        = {Introducing {Citation} {Structures}},
    author       = {Cayless, Hugh and Clérice, Thibault and Robie, Jonathan},
    year         = 2021,
    month        = aug,
    url          = {https://www.balisage.net/Proceedings/vol26/print/Cayless01/BalisageVol26-Cayless01.html},
    urldate      = {2021-12-22},
    keywords     = {Corpus: Méthodes},
}
@article{clerice_capitains_2015,
    title        = {Capitains {Guidelines} for {CTS}},
    author       = {Clérice, Thibault and Almas, Bridget and Dee, Stella},
    year         = 2015,
    month        = oct,
    journal      = {Zenodo},
    doi          = {10.5281/zenodo.32701},
    url          = {http://zenodo.org/record/32701},
    urldate      = {2015-10-26},
    keywords     = {Corpus: Méthodes},
}
@article{clerice_les_2017,
    title        = {Les outils {CapiTainS}, l’édition numérique et l’exploitation des textes},
    author       = {Clérice, Thibault},
    year         = 2017,
    month        = dec,
    journal      = {Médiévales. Langues, Textes, Histoire},
    volume       = 73,
    number       = 73,
    pages        = {115--131},
    doi          = {10.4000/medievales.8211},
    url          = {http://journals.openedition.org/medievales/8211},
    urldate      = {2018-04-26},
    keywords     = {Corpus: Méthodes},
}
@misc{combalbert_lediteur_2015,
    title        = {L’éditeur de textes est-il un auteur ? {Compte} rendu (1. {Introduction})},
    author       = {Combalbert, Grégory},
    year         = 2015,
    month        = nov,
    journal      = {Consortium Sources Médiévales - COSME²},
    url          = {https://cosme.hypotheses.org/205},
    urldate      = {2021-12-20},
    type         = {Billet},
    keywords     = {Corpus: Méthodes},
}
@book{demonet_confiscation_2018,
    title        = {La confiscation des données issues de l'humanisme numérique},
    author       = {Demonet, Marie-Luce},
    year         = 2018,
    month        = oct,
    publisher    = {Presses universitaires de Provence},
    url          = {https://hal-amu.archives-ouvertes.fr/hal-02068085},
    urldate      = {2021-12-20},
    keywords     = {Corpus: Méthodes},
}
@article{derose_what_1990,
    title        = {What is text, really?},
    author       = {DeRose, Steven J. and Durand, David G. and Mylonas, Elli and Renear, Allen H.},
    year         = 1990,
    month        = dec,
    journal      = {Journal of Computing in Higher Education},
    volume       = 1,
    number       = 2,
    pages        = {3--26},
    doi          = {10.1007/bf02941632},
    keywords     = {Corpus: Méthodes},
}
@article{dillen_digital_2016,
    title        = {Digital scholarly editing within the boundaries of copyright restrictions},
    author       = {Dillen, Wout and Neyt, Vincent},
    year         = 2016,
    month        = dec,
    journal      = {Digital Scholarship in the Humanities},
    volume       = 31,
    number       = 4,
    pages        = {785--796},
    doi          = {10.1093/llc/fqw011},
    url          = {https://doi.org/10.1093/llc/fqw011},
    urldate      = {2021-12-20},
    keywords     = {Corpus: Méthodes},
}
@techreport{dusollier_international_2019,
    title        = {International {Fragmentation} of {Copyright} {Duration}: {The} {Only} {Place} {Where} the {Little} {Prince} and {Anne} {Frank} {Grow} {Old}…},
    author       = {Dusollier, Severine},
    year         = 2019,
    month        = jan,
    address      = {Rochester, NY},
    number       = {Id 3544203},
    url          = {https://papers.ssrn.com/abstract=3544203},
    urldate      = {2021-12-20},
    type         = {{SSRN} {Scholarly} {Paper}},
    institution  = {Social Science Research Network},
    keywords     = {Corpus: Méthodes},
}
@article{elliott2007epidoc,
    title        = {The EpiDoc Guidelines},
    author       = {Elliott, Tom and Bodard, Gabriel and Mylonas, Elli and Stoyanova, Simona and Tupman, Charlotte and Vanderbilt, Scott and et al.},
    year         = 2007,
    publisher    = {EpiDoc},
    keywords     = {Corpus: Méthodes},
}
@article{fischer2017digital,
    title        = {Digital Corpora and scholarly editions of latin texts: features and requirements of textual criticism},
    author       = {Fischer, Franz},
    year         = 2017,
    journal      = {Speculum},
    publisher    = {University of Chicago Press Chicago, IL},
    volume       = 92,
    number       = {S1},
    pages        = {S265--s287},
    keywords     = {Corpus: Méthodes},
}
@incollection{huskey_digital_2019,
    title        = {The {Digital} {Latin} {Library}: {Cataloging} and {Publishing} {Critical} {Editions} of {Latin} {Texts}},
    author       = {Huskey, Samuel J.},
    year         = 2019,
    month        = aug,
    booktitle    = {The {Digital} {Latin} {Library}: {Cataloging} and {Publishing} {Critical} {Editions} of {Latin} {Texts}},
    publisher    = {De Gruyter Saur},
    pages        = {19--34},
    doi          = {10.1515/9783110599572-003},
    keywords     = {Corpus: Méthodes},
}
@article{mueller_shakespeare_2014,
    title        = {Shakespeare {His} {Contemporaries}: collaborative curation and exploration of {Early} {Modern} drama in a digital environment},
    author       = {Mueller, Martin},
    year         = 2014,
    month        = oct,
    journal      = {Digital Humanities Quarterly},
    volume       = {008},
    number       = 3,
    keywords     = {Corpus: Méthodes},
}
@article{nellhaus_xml_2001,
    title        = {{XML}, {TEI}, and {Digital} {Libraries} in the {Humanities}},
    author       = {Nellhaus, Tobin},
    year         = 2001,
    journal      = {portal: Libraries and the Academy},
    volume       = 1,
    number       = 3,
    pages        = {257--77},
    urldate      = {2021-12-14},
    keywords     = {Corpus: Méthodes},
}
@inproceedings{ortizsuarez:hal02148693,
    title        = {Asynchronous Pipeline for Processing Huge Corpora on Medium to Low Resource Infrastructures},
    author       = {Ortiz Su{\'a}rez, Pedro Javier and Sagot, Beno{\^i}t and Romary, Laurent},
    year         = 2019,
    month        = Jul,
    booktitle    = {7th Workshop on the Challenges in the Management of Large Corpora (CMLC-7)},
    publisher    = {{Leibniz-Institut f{\"u}r Deutsche Sprache}},
    address      = {Cardiff},
    doi          = {10.14618/ids-pub-9021},
    url          = {https://hal.inria.fr/hal-02148693},
    editor       = {Piotr Ba{\'n}ski and Adrien Barbaresi and Hanno Biber and Evelyn Breiteneder and Simon Clematide and Marc Kupietz and Harald L{\"u}ngen and Caroline Iliadi},
    keywords     = {Corpus: Méthodes},
}
@inproceedings{poupeau_les_2006,
    title        = {Les apports des technologies {Web} à l'édition critique : l'expérience de l'{Ecole} des chartes},
    author       = {Poupeau, Gautier},
    year         = 2006,
    month        = jan,
    address      = {Arezzo},
    keywords     = {Corpus: Méthodes},
}
@phdthesis{resch:tel-03218240,
    title        = {{L'espace autour de Grand : dynamiques territoriales dans l'ouest de la cit{\'e} des Leuques}},
    author       = {Resch, Aline},
    year         = 2019,
    month        = Nov,
    number       = {2019pa01h089},
    url          = {https://tel.archives-ouvertes.fr/tel-03218240},
    school       = {{Universit{\'e} Panth{\'e}on-Sorbonne - Paris I}},
    type         = {Theses},
    keywords     = {Corpus: Méthodes},
}
@misc{smith_brief_nodate,
    title        = {A {Brief} {Guide} to the {Canonical} {Text} {Service} {What} is {CTS}?},
    author       = {Smith, Neel},
    url          = {https://www.homermultitext.org/hmt-doc/cite/texts/ctsoverview.html},
    urldate      = {2021-12-22},
    keywords     = {Corpus: Méthodes},
}
@article{vanhoutte_introduction_2004,
    title        = {An {Introduction} to the {TEI} and the {TEI} {Consortium}},
    author       = {Vanhoutte, E.},
    year         = 2004,
    month        = apr,
    journal      = {Literary and Linguistic Computing},
    volume       = 19,
    number       = 1,
    pages        = {9--16},
    doi          = {10.1093/llc/19.1.9},
    url          = {https://academic.oup.com/dsh/article-lookup/doi/10.1093/llc/19.1.9},
    urldate      = {2021-10-14},
    keywords     = {Corpus: Méthodes},
}
@inproceedings{bon2019challenges,
    title        = {Challenges of Mass OCR-isation of Medieval Latin Texts in a Resource-Limited Project},
    author       = {Bon, Bruno and Nowak, Krzysztof and ra Vangone, Lau},
    year         = 2019,
    booktitle    = {Proceedings of the 3rd International Conference on Digital Access to Textual Cultural Heritage},
    pages        = {81--85},
    keywords     = {Corpus: OCR et HTR},
}
@software{Clerice_CREMMA_16_18_Prints_2021,
    title        = {CREMMA 16-18 Prints, a French and Latin dataset for HTR and segmentation of printed books},
    author       = {Clérice, Thibault},
    year         = 2021,
    month        = 8,
    doi          = {10.5281/zenodo.5235144},
    version      = {0.0.1},
    keywords     = {Corpus: OCR et HTR},
}
@unpublished{gabay:hal-02577236,
    title        = {OCR17: Ground Truth and Models for 17th c. French Prints (and hopefully more)},
    author       = {Gabay, Simon and Cl{\'e}rice, Thibault and Reul, Christian},
    year         = 2020,
    month        = May,
    url          = {https://hal.archives-ouvertes.fr/hal-02577236},
    keywords     = {Corpus: OCR et HTR},
}
@misc{noauthor_csel_nodate,
    title        = {{CSEL} is now on {GitHub}!},
    author       = {Greta Franzini},
    year         = 2014,
    month        = apr,
    day          = 10,
    journal      = {Blog of the Digital Humanities Chair, Universität Leipzig},
    url          = {https://www.dh.uni-leipzig.de/wo/csel-is-now-on-github/},
    urldate      = {2021-12-17},
    keywords     = {Corpus: OCR et HTR},
}
@inproceedings{hazem2020books,
    title        = {Books of Hours: the First Liturgical Corpus for Text Segmentation},
    author       = {Hazem, Amir and Daille, B{\'e}atrice and Bonhomme, Marie-Laurence and Maarand, Martin and Boillet, M{\'e}lodie and Kermorvant, Christopher and Stutzmann, Dominique},
    year         = 2020,
    booktitle    = {12th Language Resources and Evaluation Conference},
    pages        = {776--784},
    organization = {European Language Resources Association (ELRA)},
    keywords     = {Corpus: OCR et HTR},
}
@inproceedings{kahle2017transkribus,
    title        = {Transkribus-a service platform for transcription, recognition and retrieval of historical documents},
    author       = {Kahle, Philip and Colutto, Sebastian and Hackl, G{\"u}nter and M{\"u}hlberger, G{\"u}nter},
    year         = 2017,
    booktitle    = {2017 14th IAPR International Conference on Document Analysis and Recognition (ICDAR)},
    volume       = 4,
    pages        = {19--24},
    organization = {Ieee},
    keywords     = {Corpus: OCR et HTR},
}
@inproceedings{kiessling_escripto,
    title        = {eScriptorium: An Open Source Platform for Historical Document Analysis},
    author       = {Kiessling, Benjamin and Tissot, Robin and Stokes, Peter and Stökl Ben Ezra, Daniel},
    year         = 2019,
    booktitle    = {2019 International Conference on Document Analysis and Recognition Workshops (ICDARW)},
    volume       = 2,
    pages        = {19--19},
    doi          = {10.1109/icdarw.2019.10032},
    keywords     = {Corpus: OCR et HTR},
}
@article{kiessling2019kraken,
    title        = {Kraken-an universal text recognizer for the humanities},
    author       = {Kiessling, Benjamin},
    year         = 2019,
    journal      = {Proceedings of the DH},
    keywords     = {Corpus: OCR et HTR},
}
@software{Pinche_CREMMA_Medieval_an_2021,
    title        = {CREMMA Medieval, an Old French dataset for HTR and segmentation},
    author       = {Pinche, Ariane},
    year         = 2021,
    month        = 8,
    doi          = {10.5281/zenodo.5235186},
    version      = {1.0.1 Bicerin (DOI)},
    keywords     = {Corpus: OCR et HTR},
}
@incollection{robertson2019optical,
    title        = {Optical Character Recognition for Classical Philology},
    author       = {Robertson, Bruce},
    year         = 2019,
    booktitle    = {Digital Classical Philology},
    publisher    = {De Gruyter Saur},
    pages        = {117--136},
    keywords     = {Corpus: OCR et HTR},
}
@article{roelli2014corpus,
    title        = {The Corpus Corporum, a new open Latin text repository and tool},
    author       = {Roelli, Philipp},
    year         = 2014,
    journal      = {Archivum Latinitatis Medii Aevi-Bulletin du Cange (ALMA)},
    publisher    = {Union acad{\'e}mique internationale},
    keywords     = {Corpus: OCR et HTR},
}
@misc{simon_gabay_2020_3826894,
    title        = {OCR17: GT for 17th French prints},
    author       = {Simon Gabay},
    year         = 2020,
    month        = may,
    publisher    = {Zenodo},
    doi          = {10.5281/zenodo.3826894},
    url          = {https://doi.org/10.5281/zenodo.3826894},
    version      = {1.0},
    keywords     = {Corpus: OCR et HTR},
}
@misc{noauthor_exemplier_2019,
    title        = {exemplier},
    year         = 2019,
    month        = may,
    journal      = {Wiktionnaire},
    url          = {https://fr.wiktionary.org/w/index.php?title=exemplier&oldid=26297275},
    urldate      = {2022-01-07},
    keywords     = {Définitions},
}
@incollection{aron_intertextualite_2010,
    title        = {Intertextualité},
    author       = {Chassay, Jean-François},
    year         = 2010,
    booktitle    = {Le dictionnaire du littéraire},
    publisher    = {Presses universitaires de France},
    address      = {Paris},
    pages        = 317,
    editor       = {Aron, Paul and Saint-Jacques, Denis and Viala, Alain},
    keywords     = {Définitions},
}
@incollection{aron_plagiat_2010,
    title        = {Plagiat},
    author       = {Chassay, Jean-François},
    year         = 2010,
    booktitle    = {Le dictionnaire du littéraire},
    publisher    = {Presses universitaires de France},
    address      = {Paris},
    pages        = 458,
    editor       = {Aron, Paul and Saint-Jacques, Denis and Viala, Alain},
    keywords     = {Définitions},
}
@misc{noauthor_history_2021,
    title        = {History of personal computers},
    year         = 2021,
    month        = sep,
    journal      = {Wikipedia},
    url          = {https://en.wikipedia.org/w/index.php?title=History_of_personal_computers&oldid=1046600936},
    urldate      = {2021-10-12},
    keywords     = {Histoire de l'informatique},
}
@article{deyrup1998character,
    title        = {Character Representation for Slavic Digital Libraries: The Case of Croatian},
    author       = {Deyrup, Marta Me{\v{s}}trovi{\'c} and Khanna, Delphine},
    year         = 1998,
    journal      = {Journal of Croatian Studies},
    volume       = 39,
    pages        = {79--98},
    keywords     = {Histoire de l'informatique},
}
@article{karsenti_les_2006,
    title        = {Les {TIC} bouleversent-elles réellement le travail des enseignants},
    author       = {Karsenti, Thierry and Gauthier, Clermont},
    year         = 2006,
    journal      = {Formation et profession},
    volume       = 12,
    number       = 3,
    pages        = {2--4},
    keywords     = {Histoire de l'informatique},
}
@misc{nw_americans_1995,
    title        = {Americans {Going} {Online}...{Explosive} {Growth}, {Uncertain} {Destinations}},
    author       = {Kohut, Andrew and Scott Keeter and Cliff Zukin and Margaret Petrella and Russell Neuman and Michael Liebhold and Robert C. Toth and Carolyn Miller and Bowman, Carol},
    year         = 1995,
    month        = oct,
    journal      = {Pew Research Center - U.S. Politics \& Policy},
    url          = {https://www.pewresearch.org/politics/1995/10/16/americans-going-online-explosive-growth-uncertain-destinations/},
    urldate      = {2021-11-09},
    keywords     = {Histoire de l'informatique},
}
@inproceedings{kominski1999access,
    title        = {Access denied: Changes in computer ownership and use: 1984-1997},
    author       = {Kominski, Robert and Newburger, Eric},
    year         = 1999,
    booktitle    = {Annual Meeting of the American Sociological Association, Chicago, Illinois},
    keywords     = {Histoire de l'informatique},
}
@article{la1997guide,
    title        = {A Guide to Fast and Simple Web Site Development. Using Microsoft FrontPage.},
    author       = {La, Minh and Beachler, Judith},
    year         = 1997,
    publisher    = {Eric},
    keywords     = {Histoire de l'informatique},
}
@misc{miles_windows_1999,
    title        = {Windows 95 remains most popular operating system},
    author       = {Miles, Stephanie and Wilcox, Joe},
    year         = 1999,
    month        = jul,
    journal      = {Cnet},
    url          = {https://www.cnet.com/news/windows-95-remains-most-popular-operating-system/},
    urldate      = {2021-11-10},
    keywords     = {Histoire de l'informatique},
}
@article{purer_php_nodate,
    title        = {{PHP} vs. {Python} vs. {Ruby} – {The} web scripting language shootout},
    author       = {Purer, Klaus},
    year         = 2009,
    journal      = {Vienna University of Technology},
    pages        = 16,
    keywords     = {Histoire de l'informatique},
}
@misc{reimer_total_2005,
    title        = {Total share: 30 years of personal computer market share figures},
    author       = {Reimer, Jeremy},
    year         = 2005,
    month        = dec,
    journal      = {Ars Technica},
    url          = {https://arstechnica.com/features/2005/12/total-share/},
    urldate      = {2021-11-10},
    keywords     = {Histoire de l'informatique},
}
@article{schlender_whos_1990,
    title        = {Who's ahead in the computer wars ?},
    author       = {Schlender, Brenton R.},
    year         = 1990,
    month        = feb,
    journal      = {Fortune},
    url          = {https://money.cnn.com/magazines/fortune/fortune_archive/1990/02/12/73067/index.htm},
    urldate      = {2021-11-10},
    collaborator = {Alpert, Mark},
    keywords     = {Histoire de l'informatique},
}
@article{simkin_introduction_1989,
    title        = {An {Introduction} to {Computers} in the {History} {Classroom}},
    author       = {Simkin, John},
    year         = 1989,
    journal      = {Teaching History},
    number       = 54,
    pages        = {12--14},
    keywords     = {Histoire de l'informatique},
}
@misc{smith_lamp_nodate,
    title        = {{LAMP} {Stack} {History}: {It}’s {Everywhere}, {But} {Developers} {Hate} {It}},
    author       = {Smith, Ernie},
    journal      = {Tedium: The Dull Side of the Internet.},
    url          = {https://tedium.co/2021/09/01/lamp-stack-php-mysql-apache-history/},
    urldate      = {2021-12-14},
    keywords     = {Histoire de l'informatique},
}
@misc{tanz_how_2017,
    title        = {How video game tech makes neural networks possible},
    author       = {Tanz, Ophir},
    year         = 2017,
    journal      = {TechCrunch},
    url          = {https://social.techcrunch.com/2017/10/27/how-video-game-tech-makes-neural-networks-possible/},
    urldate      = {2020-04-07},
    keywords     = {Histoire de l'informatique},
}
@article{10.3316/informit.752609435027594,
    author       = {Walsh, Robin},
    year         = 1999,
    journal      = {LASIE: Library Automated Systems Information Exchange},
    publisher    = {State Library of New South Wales},
    volume       = 30,
    number       = 3,
    pages        = {35–44},
    url          = {https://search.informit.org/doi/10.3316/informit.752609435027594},
    issue_date   = 1999,
    numpages     = 10,
    keywords     = {Histoire de l'informatique},
}
@article{zumalt_internet_1998,
    title        = {The {Internet} and {Reference} {Services}: {A} {Real}-{World} {Test} of {Internet} {Utility}},
    author       = {Zumalt, Joseph R. and Pasicznyuk, Robert W.},
    year         = 1998,
    journal      = {Reference \& User Services Quarterly},
    volume       = 38,
    number       = 2,
    pages        = {165--172},
    keywords     = {Histoire de l'informatique},
}
@article{meelen_old_2021,
    title        = {Old {Catalan} {Morphosyntax}: {Developing} an {Annotated} {Corpus}},
    author       = {Meelen, Marieke and Campeny, Afra Pujol i},
    year         = 2021,
    month        = dec,
    journal      = {Journal of Open Humanities Data},
    volume       = 7,
    number       = {0},
    pages        = 30,
    doi          = {10.5334/johd.54},
    issn         = {2059-481X},
    keywords     = {historical treebank, Old Catalan, POS tagging},
}
@article{Cafieroeaax5489,
    title        = {Why Moli{\`e}re most likely did write his plays},
    author       = {Cafiero, Florian and Camps, Jean-Baptiste},
    year         = 2019,
    journal      = {Science Advances},
    publisher    = {American Association for the Advancement of Science},
    volume       = 5,
    number       = 11,
    doi          = {10.1126/sciadv.aax5489},
    keywords     = {Humanités numériques: Classification automatique},
}
@article{camps_stylometry_2020,
    title        = {Stylometry for {Noisy} {Medieval} {Data}: {Evaluating} {Paul} {Meyer}'s {Hagiographic} {Hypothesis}},
    author       = {Camps, Jean-Baptiste and Clérice, Thibault and Pinche, Ariane},
    year         = 2020,
    journal      = {arXiv preprint arXiv:2012.03845},
    keywords     = {Humanités numériques: Classification automatique},
}
@article{stylo_r,
    title        = {Stylometry with R: a package for computational text analysis},
    author       = {Eder, Maciej and Rybicki, Jan and Kestemont, Mike},
    year         = 2016,
    journal      = {R Journal},
    volume       = 8,
    number       = 1,
    pages        = {107--121},
    url          = {https://journal.r-project.org/archive/2016/RJ-2016-007/index.html},
    keywords     = {Humanités numériques: Classification automatique},
}
@inproceedings{feldman2009part,
    title        = {Part-of-speech histograms for genre classification of text},
    author       = {Feldman, Sergey and Marin, Marius A and Ostendorf, Mari and Gupta, Maya R},
    year         = 2009,
    booktitle    = {2009 IEEE International Conference on Acoustics, Speech and Signal Processing},
    pages        = {4781--4784},
    organization = {Ieee},
    keywords     = {Humanités numériques: Classification automatique},
}
@book{forstall_quantitative_2019,
    title        = {Quantitative {Intertextuality}: {Analyzing} the {Markers} of {Information} {Reuse}},
    author       = {Forstall, Christopher W. and Scheirer, Walter J.},
    year         = 2019,
    publisher    = {Springer International Publishing},
    address      = {Cham},
    doi          = {10.1007/978-3-030-23415-7},
    keywords     = {Humanités numériques: Classification automatique},
}
@inproceedings{smith_infectious_2013,
    title        = {Infectious texts: {Modeling} text reuse in nineteenth-century newspapers},
    author       = {Smith, David A. and Cordell, Ryan and Dillon, Elizabeth Maddock},
    year         = 2013,
    month        = oct,
    booktitle    = {2013 {IEEE} {International} {Conference} on {Big} {Data}},
    pages        = {86--94},
    doi          = {10.1109/BigData.2013.6691675},
    keywords     = {Humanités numériques: Classification automatique},
}
@article{smith_computational_2015,
    title        = {Computational {Methods} for {Uncovering} {Reprinted} {Texts} in {Antebellum} {Newspapers}},
    author       = {Smith, David A. and Cordell, Ryan and Mullen, Abby},
    year         = 2015,
    month        = sep,
    journal      = {American Literary History},
    volume       = 27,
    number       = 3,
    pages        = {E1--e15},
    doi          = {10.1093/alh/ajv029},
    keywords     = {Humanités numériques: Classification automatique},
}
@article{sprugnoli_towards_2016,
    title        = {Towards sentiment analysis for historical texts},
    author       = {Sprugnoli, Rachele and Tonelli, Sara and Marchetti, Alessandro and Moretti, Giovanni},
    year         = 2016,
    month        = dec,
    journal      = {Digital Scholarship in the Humanities},
    volume       = 31,
    number       = 4,
    pages        = {762--772},
    doi          = {10.1093/llc/fqv027},
    keywords     = {Humanités numériques: Classification automatique},
}
@misc{noauthor_eurykleia_nodate,
    title        = {{EURYKLEIA} – {Celles} qui avaient un nom},
    url          = {https://eurykleia.hypotheses.org/},
    urldate      = {2022-01-07},
    editor       = {Sébillotte-Cuchet, Violaine and Boehringer, Sandra},
    keywords     = {Humanités numériques: Domaine gréco-latin},
}
@article{almas_perseids_2016,
    title        = {The {Perseids} {Platform}: {Scholarship} for all},
    author       = {Almas, Bridget and Beaulieu, Marie-Claire},
    year         = 2016,
    journal      = {Digital Classics Outside the Echo-Chamber. Teaching, Knowledge Exchange \& Public Engagement},
    pages        = {171--86},
    keywords     = {Humanités numériques: Domaine gréco-latin},
}
@article{bamman_extracting_2012,
    title        = {Extracting two thousand years of latin from a million book library},
    author       = {Bamman, David and Smith, David},
    year         = 2012,
    month        = apr,
    journal      = {Journal on Computing and Cultural Heritage},
    volume       = 5,
    number       = 1,
    pages        = {2:1--2:13},
    doi          = {10.1145/2160165.2160167},
    url          = {https://doi.org/10.1145/2160165.2160167},
    urldate      = {2021-12-15},
    keywords     = {Humanités numériques: Domaine gréco-latin},
}
@inproceedings{bloem-etal-2020-distributional,
    title        = {Distributional Semantics for Neo-{L}atin},
    author       = {Bloem, Jelke  and Parisi, Maria Chiara  and Reynaert, Martin  and Oortwijn, Yvette  and Betti, Arianna},
    year         = 2020,
    month        = may,
    booktitle    = {Proceedings of LT4HALA 2020 - 1st Workshop on Language Technologies for Historical and Ancient Languages},
    publisher    = {European Language Resources Association (ELRA)},
    address      = {Marseille},
    pages        = {84--93},
    url          = {https://www.aclweb.org/anthology/2020.lt4hala-1.13},
    keywords     = {Humanités numériques: Domaine gréco-latin},
}
@article{coffee_tesserae_2013,
    title        = {The {Tesserae} {Project}: intertextual analysis of {Latin} poetry},
    author       = {Coffee, Neil and Koenig, Jean-Pierre and Poornima, Shakthi and Forstall, Christopher W. and Ossewaarde, Roelant and Jacobson, Sarah L.},
    year         = 2013,
    month        = jun,
    journal      = {Literary and Linguistic Computing},
    volume       = 28,
    number       = 2,
    pages        = {221--228},
    doi          = {10.1093/llc/fqs033},
    keywords     = {Humanités numériques: Domaine gréco-latin},
}
@book{darbo-peschanski_citation_2004,
    title        = {La citation dans l'antiquité: actes du colloque du {PARSA}, {Lyon}, {ENS} {LSH}, 6-8 novembre 2002},
    author       = {Darbo-Peschanski, Catherine},
    year         = 2004,
    publisher    = {Editions Jérôme Millon},
    keywords     = {Humanités numériques: Domaine gréco-latin},
}
@article{gorman_author_2020,
    title        = {Author identification of short texts using dependency treebanks without vocabulary},
    author       = {Gorman, Robert},
    year         = 2020,
    month        = dec,
    journal      = {Digital Scholarship in the Humanities},
    volume       = 35,
    number       = 4,
    pages        = {812--825},
    doi          = {10.1093/llc/fqz070},
    keywords     = {Humanités numériques: Domaine gréco-latin},
}
@article{kestemont_authenticating_2016,
    title        = {Authenticating the writings of {Julius} {Caesar}},
    author       = {Kestemont, Mike and Stover, Justin and Koppel, Moshe and Karsdorp, Folgert and Daelemans, Walter},
    year         = 2016,
    month        = nov,
    journal      = {Expert Systems with Applications},
    volume       = 63,
    pages        = {86--96},
    doi          = {10.1016/j.eswa.2016.06.029},
    keywords     = {Humanités numériques: Domaine gréco-latin},
}
@article{kontges_measuring_2020,
    title        = {Measuring {Philosophy} in the {First} {Thousand} {Years} of {Greek} {Literature}},
    author       = {Köntges, Thomas},
    year         = 2020,
    month        = jun,
    journal      = {Digital Classics Online},
    pages        = {1--23},
    doi          = {10.11588/dco.2020.2.73197},
    url          = {https://journals.ub.uni-heidelberg.de/index.php/dco/article/view/73197},
    urldate      = {2021-11-07},
    keywords     = {Humanités numériques: Domaine gréco-latin},
}
@inproceedings{manjavacas_feasibility_2019,
    title        = {On the {Feasibility} of {Automated} {Detection} of {Allusive} {Text} {Reuse}},
    author       = {Manjavacas, Enrique and Long, Brian and Kestemont, Mike},
    year         = 2019,
    month        = jun,
    booktitle    = {Proceedings of the 3rd {Joint} {SIGHUM} {Workshop} on {Computational} {Linguistics} for {Cultural} {Heritage}, {Social} {Sciences}, {Humanities} and {Literature}},
    publisher    = {Association for Computational Linguistics},
    address      = {Minneapolis, MN},
    pages        = {104--114},
    doi          = {10.18653/v1/W19-2514},
    keywords     = {Humanités numériques: Domaine gréco-latin},
}
@inproceedings{morsel:guerreau,
    title        = {{Quelques propositions pour l'{\'e}tude de la noblesse europ{\'e}enne {\`a} la fin du Moyen {\^A}ge}},
    author       = {Morsel, Joseph},
    year         = 2015,
    month        = Jun,
    booktitle    = {{Discurso, memoria y representaci{\'o}n : la nobleza peninsular en la Baja Edad Media (XLII Semana de Estudios Medievales de Estella)}},
    publisher    = {Gobierno de Navarra, Pamplona},
    address      = {Estella},
    series       = {Discurso, memoria y representaci{\'o}n : la nobleza peninsular en la Baja Edad Media (Actas de la XLII Semana de Estudios Medievales de Estella, 21 al 24 de julio 2015)},
    pages        = {449--499},
    url          = {https://halshs.archives-ouvertes.fr/halshs-02529976},
    organization = {Gobierno de Navarra, Pamplona},
    keywords     = {Humanités numériques: Domaine gréco-latin},
}
@book{munson_biblical_2017,
    title        = {Biblical {Semantics}: {Applying} {Digital} {Methods} for {Semantic} {Information} {Extraction} to {Current} {Problems} in {New} {Testament} {Studies}},
    author       = {Munson, Matthew},
    year         = 2017,
    month        = aug,
    publisher    = {Shaker},
    address      = {Aachen},
    edition      = 1,
    keywords     = {Humanités numériques: Domaine gréco-latin},
}
@article{nagy_metre_2021,
    title        = {Metre as a stylometric feature in {Latin} hexameter poetry},
    author       = {Nagy, Benjamin},
    year         = 2021,
    month        = feb,
    journal      = {Digital Scholarship in the Humanities},
    number       = {fqaa043},
    doi          = {10.1093/llc/fqaa043},
    keywords     = {Humanités numériques: Domaine gréco-latin},
}
@article{perreaux:cbma,
    title        = {{CBMA. Chartae Burgundiae Medii Aevi VII.``~Le ``vocabulaire courant'' en diplomatique~: techniques et approches compar{\'e}es~''}},
    author       = {Perreaux, Nicolas and Rey, Coraline},
    year         = 2013,
    month        = Apr,
    journal      = {{Bulletin du Centre d'{\'e}tudes m{\'e}di{\'e}vales d'Auxerre}},
    publisher    = {{Centre d'{\'e}tudes m{\'e}di{\'e}vales d'Auxerre : ARTEHIS, UMR CNRS/uB }},
    number       = {17.1},
    doi          = {10.4000/cem.13172},
    keywords     = {Humanités numériques: Domaine gréco-latin},
}
@article{gillivray_greek,
    title        = {Vector space models of {Ancient} {Greek} word meaning, and a case study on {Homer}},
    author       = {Roda, Martina Astric and Probert, Philomen and McGillivray, Barbara},
    year         = 2019,
    journal      = {Traitement Automatique des Langues},
    volume       = 60,
    number       = {3/2019},
    pages        = {63--87},
    keywords     = {Humanités numériques: Domaine gréco-latin},
}
@misc{noauthor_computational_nodate,
    title        = {Computational {Humanities} {Research} ({CoHuRe})},
    journal      = {Google Docs},
    url          = {https://web.archive.org/web/20211221134117/https://docs.google.com/forms/d/e/1FAIpQLSdsmO6sVHehQ0tBW_e-CdsfMUPWK3orsUNqZiOjwO1Ynmh37A/viewform},
    urldate      = {2021-12-21},
    keywords     = {Humanités numériques: Généralités},
}
@article{camps_ou_2018,
    title        = {Où va la philologie numérique ?},
    author       = {Camps, Jean-Baptiste},
    year         = 2018,
    month        = jan,
    journal      = {LHT Fabula},
    url          = {https://www.fabula.org:443/lht/20/camps.html},
    urldate      = {2021-12-18},
    keywords     = {Humanités numériques: Généralités},
}
@article{dombrowski2014ever,
    title        = {What ever happened to Project Bamboo?},
    author       = {Dombrowski, Quinn},
    year         = 2014,
    journal      = {Literary and Linguistic Computing},
    publisher    = {Oxford University Press},
    volume       = 29,
    number       = 3,
    pages        = {326--339},
    keywords     = {Humanités numériques: Généralités},
}
@article{mounier_manifeste_2010,
    title        = {Manifeste des {Digital} {Humanities}},
    author       = {Mounier, Pierre},
    year         = 2010,
    month        = dec,
    journal      = {Journal des anthropologues. Association française des anthropologues},
    number       = {122-123},
    pages        = {447--452},
    doi          = {10.4000/jda.3652},
    language     = {fr},
    keywords     = {Humanités numériques: Généralités},
}
@inproceedings{nyhan2017uncovering,
    title        = {Uncovering ‘hidden’contributions to the history of Digital Humanities: the Index Thomisticus’ female keypunch operators},
    author       = {Nyhan, Julianne and Terras, Melissa},
    year         = 2017,
    booktitle    = {Digital Humanities 2017},
    pages        = {313--315},
    keywords     = {Humanités numériques: Généralités},
}
@article{raben_humanities_1991,
    title        = {Humanities computing 25 years later},
    author       = {Raben, Joseph},
    year         = 1991,
    month        = dec,
    journal      = {Computers and the Humanities},
    volume       = 25,
    number       = 6,
    pages        = {341--350},
    doi          = {10.1007/bf00141184},
    keywords     = {Humanités numériques: Généralités},
}
@misc{noauthor_workshop_nodate,
    title        = {Workshop on {Natural} {Language} {Processing} for {Digital} {Humanities} ({NLP4DH})},
    journal      = {RootRoo},
    url          = {https://rootroo.com/en/nlp4dh-workshop/},
    urldate      = {2021-12-21},
    keywords     = {Humanités numériques: Linguistique et sémantique},
}
@inproceedings{Bamman:2011:MHW:1998076.1998078,
    title        = {Measuring historical word sense variation},
    author       = {Bamman, David and Crane, Gregory},
    year         = 2011,
    booktitle    = {Proceeding of the 11th annual international ACM/IEEE joint conference on Digital libraries},
    location     = {Ottawa, Ontario},
    publisher    = {Acm},
    address      = {New York, NY},
    series       = {Jcdl '11},
    pages        = {1--10},
    doi          = {http://doi.acm.org/10.1145/1998076.1998078},
    url          = {http://doi.acm.org/10.1145/1998076.1998078},
    keywords     = {Humanités numériques: Linguistique et sémantique},
}
@article{christ1994modular,
    title        = {A modular and flexible architecture for an integrated corpus query system},
    author       = {Christ, Oliver},
    year         = 1994,
    journal      = {arXiv preprint cmp-lg/9408005},
    keywords     = {Humanités numériques: Linguistique et sémantique},
}
@article{de2017creating,
    title        = {Creating research environments with blacklab},
    author       = {de Does, Jesse and Niestadt, Jan and Depuydt, Katrien},
    year         = 2017,
    journal      = {CLARIN in the Low Countries},
    pages        = {245--258},
    keywords     = {Humanités numériques: Linguistique et sémantique},
}
@article{eijnatten_big_2013,
    title        = {Big {Data} for {Global} {History}: {The} {Transformative} {Promise} of {Digital} {Humanities}},
    author       = {Eijnatten, Joris van and Pieters, Toine and Verheul, Jaap},
    year         = 2013,
    month        = dec,
    journal      = {BMGN - Low Countries Historical Review},
    volume       = 128,
    number       = 4,
    pages        = {55--77},
    keywords     = {Humanités numériques: Linguistique et sémantique},
}
@article{guerreau_pourquoi_1989,
    title        = {Pourquoi (et comment) l'historien doit-il compter les mots ?},
    author       = {Guerreau, Alain},
    year         = 1989,
    journal      = {Histoire \& Mesure},
    volume       = 4,
    number       = 1,
    pages        = {81--105},
    doi          = {10.3406/hism.1989.878},
    urldate      = {2021-03-08},
    keywords     = {Humanités numériques: Linguistique et sémantique},
}
@inproceedings{heiden:halshs-00549779,
    title        = {{TXM : Une plateforme logicielle open-source pour la textom{\'e}trie - conception et d{\'e}veloppement}},
    author       = {Heiden, Serge and Magu{\'e}, Jean-Philippe and Pincemin, B{\'e}n{\'e}dicte},
    year         = 2010,
    month        = Jun,
    booktitle    = {10th International Conference on the Statistical Analysis of Textual Data - JADT 2010},
    publisher    = {Edizioni Universitarie di Lettere Economia Diritto},
    address      = {Rome},
    volume       = 2,
    number       = 3,
    pages        = {1021--1032},
    url          = {https://halshs.archives-ouvertes.fr/halshs-00549779},
    editor       = {Sergio Bolasco and Isabella Chiari and Luca Giuliano},
    keywords     = {Humanités numériques: Linguistique et sémantique},
}
@book{gillivray_quantitative_2017,
    title        = {Quantitative {Historical} {Linguistics}: {A} {Corpus} {Framework}},
    author       = {Jenset, Gard B. and McGillivray, Barbara},
    year         = 2017,
    month        = oct,
    publisher    = {Oxford University Press},
    address      = {Oxford, NY},
    series       = {Oxford {Studies} in {Diachronic} and {Historical} {Linguistics}},
    keywords     = {Humanités numériques: Linguistique et sémantique},
}
@phdthesis{montreuil_histoire_2016,
    title        = {Une histoire de l'adoubement : étude du sens social d'une pratique aristocratique ({XIè}-{XVè})},
    author       = {Montreuil, Arnaud},
    year         = 2016,
    url          = {http://www.theses.fr/s171454},
    urldate      = {2022-01-14},
    type         = {These en préparation},
    school       = {Paris 1},
    collaborator = {Morsel, Joseph and Fianu, Kouky},
    keywords     = {Humanités numériques: Linguistique et sémantique},
}
@inproceedings{perreaux:eau,
    title        = {{Mesurer un syst{\`e}me de repr{\'e}sentation ? Approche statistique du champ lexical de l'eau dans la Patrologie Latine}},
    author       = {Perreaux, Nicolas},
    year         = 2012,
    month        = May,
    booktitle    = {{Mesure et histoire m{\'e}di{\'e}vale}},
    publisher    = {Publications de la Sorbonne},
    address      = {Tours},
    pages        = {365--374},
    keywords     = {Humanités numériques: Linguistique et sémantique},
}
@article{kastberg_sjoblom_extraction_2012,
    title        = {Extraction des isotopies d’un corpus textuel analyse systématique des structures sémantiques et des cooccurrences, à travers différents logiciels textométriques},
    author       = {Kastberg Sjöblom, Margareta and Leblanc, Jean-Marc},
    year         = 2012,
    journal      = {Texto !},
    volume       = {XVII},
    number       = 3,
    keywords     = {Isotopie},
}
@article{leon_semes_1976,
    title        = {Sèmes potentiels et actualisation poétique},
    author       = {Léon, Pierre},
    year         = 1976,
    journal      = {Études littéraires},
    volume       = 9,
    number       = 2,
    pages        = 317,
    doi          = {10.7202/500400ar},
    url          = {http://id.erudit.org/iderudit/500400ar},
    urldate      = {2021-09-07},
    keywords     = {Isotopie},
}
@article{mayaffre2008occurrence,
    title        = {De l’occurrence {\`a} l’isotopie},
    author       = {Mayaffre, Damon},
    year         = 2008,
    journal      = {Syntaxe et s{\'e}mantique},
    publisher    = {Presses universitaires de Caen},
    number       = 1,
    pages        = {53--72},
    keywords     = {Isotopie},
}
@article{pincemin1999semantique,
    title        = {S{\'e}mantique interpr{\'e}tative et analyses automatiques de textes: que deviennent les s{\`e}mes?},
    author       = {Pincemin, B{\'e}n{\'e}dicte},
    year         = 1999,
    journal      = {S{\'e}miotiques},
    number       = 17,
    pages        = {71--120},
    keywords     = {Isotopie},
}
@article{rastier_isotopie_1985,
    title        = {L'isotopie sémantique, du mot au texte},
    author       = {Rastier, François},
    year         = 1985,
    journal      = {L'information grammaticale},
    volume       = 27,
    number       = 1,
    pages        = {33--36},
    doi          = {10.3406/igram.1985.2168},
    keywords     = {Isotopie},
}
@article{rastier_semantique_1996,
    title        = {La sémantique des textes - concepts et applications},
    author       = {Rastier, François},
    year         = 1996,
    journal      = {HERMES - Journal of Language and Communication in Business},
    number       = 16,
    pages        = {15--37},
    doi          = {10.7146/hjlcb.v9i16.25382},
    urldate      = {2022-01-21},
    keywords     = {Isotopie},
}
@article{rastier_tropes_1994,
    title        = {Tropes et sémantique linguistique},
    author       = {Rastier, François},
    year         = 1994,
    journal      = {Langue française},
    volume       = 101,
    number       = 1,
    pages        = {80--101},
    doi          = {10.3406/lfr.1994.5845},
    keywords     = {Isotopie},
}
@book{catulle_les_1957,
    title        = {Les deux livres de {Catulle}},
    author       = {Catulle and Herrmann, Léon},
    year         = 1957,
    publisher    = {Latomus Revue d'Etudes Latines},
    address      = {Bruxelles},
    keywords     = {Latin: Éditions et traductions},
}
@book{catulle_poesies_1932,
    title        = {Poésies},
    author       = {Catulle and Lafaye, Georges},
    year         = 1932,
    publisher    = {les Belles Lettres},
    address      = {Paris},
    keywords     = {Latin: Éditions et traductions},
}
@phdthesis{castelli__2020,
    title        = {Χειρουργία : une histoire du geste guérisseur en {Grèce} archaïque et classique},
    author       = {Castelli, Hélène},
    year         = 2020,
    month        = dec,
    url          = {http://www.theses.fr/2020PA01H075},
    urldate      = {2022-01-14},
    type         = {These de doctorat},
    school       = {Paris 1},
    collaborator = {Sebillotte Cuchet, Violaine},
    keywords     = {Latin: Histoire},
}
@article{cordier2001romains,
    title        = {Les Romains et la circoncision},
    author       = {Cordier, Pierre},
    year         = 2001,
    journal      = {Revue des {\'E}tudes juives},
    volume       = 160,
    number       = {3-4},
    pages        = {337--355},
    keywords     = {Latin: Histoire},
}
@article{parker_bells_2018,
    title        = {‘{The} {Bells}! {The} {Bells}!’ {Approaching} {Tintinnabula} in {Roman} {Britain} and {Beyond}},
    author       = {Parker, Adam},
    year         = 2018,
    month        = jan,
    journal      = {Material Approaches to Roman Magic},
    pages        = 57,
    keywords     = {Latin: Histoire},
}
@article{delatte_concordantiae_1979,
    title        = {Concordantiae {Senecae}. {Quid} ?},
    author       = {Delatte, Louis and Govaerts, Suzanne and Denooz, J.},
    year         = 1979,
    journal      = {Revue LASLA},
    number       = 1,
    pages        = {25--32},
    keywords     = {Latin: Index et concordances},
}
@article{delatte_propos_1965,
    title        = {A propos d'une concordance},
    author       = {Delatte, Louis},
    year         = 1965,
    journal      = {L'Antiquité Classique},
    volume       = 34,
    number       = 2,
    pages        = {534--541},
    doi          = {10.3406/antiq.1965.1456},
    keywords     = {Latin: Index et concordances},
}
@article{delatte_index_1968,
    title        = {Index ou concordance ?},
    author       = {Delatte, Louis},
    year         = 1968,
    journal      = {L'Antiquité Classique},
    volume       = 37,
    number       = 1,
    pages        = {192--204},
    doi          = {10.3406/antiq.1968.1505},
    keywords     = {Latin: Index et concordances},
}
@article{grimal_delatte_1964,
    title        = {Delatte ({L}.) et {Evrard} ({E}.). {Sénèque}. {Consolation} à {Polybe}. {Index} {Verborum}. {Relevés} statistiques},
    author       = {Grimal, Pierre},
    year         = 1964,
    journal      = {Revue belge de Philologie et d'Histoire},
    volume       = 42,
    number       = 1,
    pages        = {130--133},
    keywords     = {Latin: Index et concordances},
}
@article{grimal_index_1966,
    title        = {Index et concordances},
    author       = {Grimal, Pierre},
    year         = 1966,
    journal      = {Revue d'Études Latines},
    volume       = 44,
    pages        = {534--541},
    keywords     = {Latin: Index et concordances},
}
@incollection{rouse_concordance_1984,
    title        = {La concordance verbale des Ecritures},
    author       = {Rouse, Mary A. and Rouse, Richard H.},
    year         = 1984,
    booktitle    = {Le Moyen-Âge et la Bible},
    publisher    = {Beauchesne},
    series       = {Bible de tous les temps},
    volume       = 4,
    pages        = {115--122},
    keywords     = {Latin: Index et concordances},
}
@article{verdiere_pierre_1970,
    title        = {Pierre {Grimal}, {L}. {Annaei} {Senecae} operum moralium concordantia, {IV}. {De} prouidentia ; ; {Pierre} {Grimal}, {L}. {Annaei} {Senecae} operum moralium concordantia, {V}. {De} uita beata},
    author       = {Verdière, Raoul},
    year         = 1970,
    journal      = {L'Antiquité Classique},
    volume       = 39,
    number       = 2,
    keywords     = {Latin: Index et concordances},
}
@article{adams_typological_1976,
    title        = {A typological approach to {Latin} word order},
    author       = {Adams, James Noel},
    year         = 1976,
    month        = dec,
    journal      = {Indogermanische Forschungen (1976)},
    volume       = 81,
    number       = 1976,
    pages        = {70--99},
    urldate      = {2022-01-11},
    keywords     = {Latin: Lexiques et lexicographie},
}
@book{adams2016anthology,
    title        = {An anthology of informal Latin, 200 BC--AD 900: fifty texts with translations and linguistic commentary},
    author       = {Adams, James Noel},
    year         = 2016,
    publisher    = {Cambridge University Press},
    keywords     = {Latin: Lexiques et lexicographie},
}
@article{adams1972latin,
    title        = {Latin Words for 'Woman' and 'Wife'},
    author       = {Adams, James Noel},
    year         = 1972,
    journal      = {Glotta},
    volume       = 50,
    number       = {3./4. H},
    pages        = {234--255},
    keywords     = {Latin: Lexiques et lexicographie},
}
@book{adams_social_2013,
    title        = {Social {Variation} and the {Latin} {Language}},
    author       = {Adams, James Noel},
    year         = 2013,
    month        = may,
    publisher    = {Cambridge University Press},
    keywords     = {Latin: Lexiques et lexicographie},
}
@book{adams_vulgar_1977,
    title        = {The {Vulgar} {Latin} of the {Letters} of {Claudius} {Terentianus} ({P}. {Mich}. {VIII}, 467-72)},
    author       = {Adams, James Noel},
    year         = 1977,
    publisher    = {Manchester University Press},
    keywords     = {Latin: Lexiques et lexicographie},
}
@article{adams_text_1976,
    title        = {The Text and Language of a Vulgar Latin Chronicle (\textit{Anonymus Valesianus II})},
    author       = {Adams, James Noel},
    year         = 1976,
    journal      = {Bulletin Supplement (University of London. Institute of Classical Studies)},
    number       = 36,
    pages        = {iii--189},
    urldate      = {2022-01-11},
    keywords     = {Latin: Lexiques et lexicographie},
}
@book{andre1949etude,
    title        = {{\'E}tude sur les termes de couleur dans la langue latine},
    author       = {Andr{\'e}, Jacques},
    year         = 1949,
    publisher    = {Librairie C. Klincksieck},
    number       = 7,
    keywords     = {Latin: Lexiques et lexicographie},
}
@article{bain1986apotropaic,
    title        = {Apotropaic Farting},
    author       = {Bain, David},
    year         = 1986,
    journal      = {Zeitschrift f{\"u}r Papyrologie und Epigraphik},
    pages        = 104,
    issue        = 63,
    keywords     = {Latin: Lexiques et lexicographie},
}
@incollection{braund2002personal,
    title        = {Personal plurals},
    author       = {Braund, Susanna Morton},
    year         = 1997,
    booktitle    = {Compromising Traditions: The Personal Voice in Classical Scholarship},
    publisher    = {Routledge},
    pages        = {38--53},
    editor       = {J.P. Hallett},
    keywords     = {Latin: Lexiques et lexicographie},
}
@phdthesis{duarte_vocabulaire_2010,
    title        = {Le vocabulaire latin de la sculpture et de la peinture ({Ier} s. av. n.è. –- {Ier} s. de n.è.)},
    author       = {Duarte, Pedro},
    year         = 2010,
    month        = dec,
    url          = {http://www.theses.fr/2010PA040033},
    urldate      = {2021-12-26},
    type         = {These de doctorat},
    school       = {Paris 4},
    collaborator = {Fruyt, Michèle},
    keywords     = {Latin: Lexiques et lexicographie},
}
@phdthesis{gabay_lacteur_2015,
    title        = {L’{Acteur} au {Moyen} Âge: {L}’{Histrion} et ses avatars en {Occident} de saint {Augustin} à saint {Thomas}},
    author       = {Gabay, Simon},
    year         = 2015,
    month        = sep,
    type         = {phdthesis},
    school       = {Universiteit van Amsterdam},
    keywords     = {Latin: Lexiques et lexicographie},
}
@incollection{nicolas2007gros,
    title        = {Les gros mots, une forme romaine de communication?},
    author       = {Nicolas, Christian},
    year         = 2007,
    booktitle    = {Parole, Media, pouvoir dans l’Occident romain. Hommages offerts au Professeur Guy Achard},
    publisher    = {CEROR, Lyon 3, diffusion De Boccard},
    editor       = {Ledentu, Marie},
    keywords     = {Latin: Lexiques et lexicographie},
}
@book{shorts_latin_1958,
    title        = {A {Latin} {Dictionary}},
    author       = {Shorts, Charles and Lewis, Freund William},
    year         = 1958,
    publisher    = {Oxford University Press},
    keywords     = {Latin: Lexiques et lexicographie},
}
@incollection{brunet_merito_2008,
    title        = {Merito et iniuria: deux cas d'adverbialisation du substantif},
    author       = {Brunet, Claude},
    year         = 2008,
    booktitle    = {Adverbes et évolution linfuistique en latin},
    address      = {Paris},
    series       = {Série {Grammaire} et {Linguistique}, {Collection} {KUBABA}},
    number       = 2,
    pages        = {101--113},
    edition      = {L'Harmattan},
    editor       = {Fruyt, Michèle and Van Laer, Sophie},
    keywords     = {Latin: Linguistique},
}
@incollection{christol_entre_2008,
    title        = {Entre adverbes et adjectifs},
    author       = {Christol, Alain},
    year         = 2008,
    booktitle    = {Adverbes et évolution linfuistique en latin},
    address      = {Paris},
    series       = {Série {Grammaire} et {Linguistique}, {Collection} {KUBABA}},
    number       = 2,
    pages        = {69--81},
    edition      = {L'Harmattan},
    editor       = {Fruyt, Michèle and Van Laer, Sophie},
    keywords     = {Latin: Linguistique},
}
@article{crespo2011pour,
    title        = {Pour une d{\'e}finition des propositions relatives latines},
    author       = {Crespo, Emilio},
    year         = 2011,
    journal      = {Les {\'E}tudes Classiques},
    volume       = 79,
    number       = {1-2},
    keywords     = {Latin: Linguistique},
}
@incollection{fruyt_adverbes_2008,
    title        = {Adverbes latins, grammaticalisation et lexicalisation},
    author       = {Fruyt, Michèle},
    year         = 2008,
    booktitle    = {Adverbes et évolution linfuistique en latin},
    address      = {Paris},
    series       = {Série {Grammaire} et {Linguistique}, {Collection} {KUBABA}},
    number       = 2,
    pages        = {49--66},
    edition      = {L'Harmattan},
    editor       = {Fruyt, Michèle and Van Laer, Sophie},
    keywords     = {Latin: Linguistique},
}
@incollection{meillet_levolution_1922,
    title        = {L’évolution des formes grammaticales},
    author       = {Meillet, Antoine},
    year         = 1922,
    booktitle    = {linguistique historique et linguistique générale},
    publisher    = {Champion},
    address      = {Paris},
    pages        = {130--148},
    url          = {https://archive.org/details/linguistiquehist00meil/page/130/mode/2up},
    keywords     = {Latin: Linguistique},
}
@article{sturtevant_monophthongization_1916,
    title        = {The {Monophthongization} of {Latin} ae},
    author       = {Sturtevant, Edgar H.},
    year         = 1916,
    journal      = {Transactions and Proceedings of the American Philological Association},
    volume       = 47,
    pages        = {107--116},
    doi          = {10.2307/282830},
    keywords     = {Latin: Linguistique},
}
@misc{noauthor_base_nodate,
    title        = {Base des auteurs anciens},
    journal      = {Sources Chretiennes - HISOMA UMR 5189},
    url          = {https://www.sources-chretiennes.mom.fr/index.php?pageid=auteurs_anciens},
    urldate      = {2021-12-21},
    keywords     = {Latin: Littérature},
}
@article{bardon_review_1983,
    title        = {Review of {Les} genres littéraires à {Rome}, 2 vol.},
    author       = {Bardon, H.},
    year         = 1983,
    journal      = {Latomus},
    volume       = 42,
    number       = 1,
    pages        = {174--176},
    collaborator = {Martin, R. and Gaillard, J. and Perret, J.},
    keywords     = {Latin: Littérature},
}
@article{boissier_poete_1900,
    title        = {Le {Poète} {Martial}},
    author       = {Boissier, Gaston},
    year         = 1900,
    journal      = {Revue des Deux Mondes},
    volume       = 4,
    number       = 160,
    pages        = {241--279},
    keywords     = {Latin: Littérature},
}
@book{buchwald_dictionnaire_1991,
    title        = {Dictionnaire des auteurs grecs et latins de l'{Antiquité} et du {Moyen} âge},
    author       = {Buchwald, Wolfgang and Hohlweg, Armin and Prinz, Otto and Berger, Jean Denis and Billen, Jacques},
    year         = 1991,
    publisher    = {Brepols},
    address      = {Turnhout},
    keywords     = {Latin: Littérature},
}
@article{bureau_quelques_2012,
    title        = {Quelques réflexions sur la notion de littérarité à partir de l’édition numérique de commentateurs anciens},
    author       = {Bureau, Bruno},
    year         = 2012,
    month        = jan,
    journal      = {Interférences. Ars scribendi},
    number       = 6,
    doi          = {10.4000/interferences.186},
    keywords     = {Latin: Littérature},
}
@article{callebat_les_2008,
    title        = {Les {Priapées} : éléments d’une problématique},
    author       = {Callebat, Louis},
    year         = 2008,
    journal      = {MOM Éditions},
    volume       = 38,
    number       = 1,
    pages        = {23--32},
    keywords     = {Latin: Littérature},
}
@book{canfora_conservazione_2016,
    title        = {Conservazione e perdita dei classici},
    author       = {Canfora, Luciano},
    year         = 2016,
    publisher    = {Stilo editrice},
    address      = {Bari},
    keywords     = {Latin: Littérature},
}
@article{citroni_les_2008,
    title        = {Les proèmes des {Priapées} et le problème de la datation du recueil},
    author       = {Citroni, Mario},
    year         = 2008,
    journal      = {MOM Éditions},
    volume       = 38,
    number       = 1,
    pages        = {35--51},
    url          = {https://www.persee.fr/doc/mom_0151-7015_2008_act_38_1_2492},
    urldate      = {2020-11-05},
    keywords     = {Latin: Littérature},
}
@article{dupont_ciceron_1982,
    title        = {Cicéron, sophiste romain},
    author       = {Dupont, Florence},
    year         = 1982,
    journal      = {Langages},
    volume       = 16,
    number       = 65,
    pages        = {23--46},
    doi          = {10.3406/lgge.1982.1118},
    keywords     = {Latin: Littérature},
}
@article{fotheringham_numbers_2007,
    title        = {The {Numbers} in the {Margins} and the {Structure} of {Cicero}'s "{Pro} {Murena}"},
    author       = {Fotheringham, Lynn S.},
    year         = 2007,
    journal      = {Greece \& Rome},
    volume       = 54,
    number       = 1,
    pages        = {40--60},
    keywords     = {Latin: Littérature},
}
@book{hornblower_oxford_1996,
    title        = {The {Oxford} {Classical} {Dictionary}},
    author       = {Hornblower, Simon and Spawforth, Antony},
    year         = 1996,
    month        = dec,
    publisher    = {Oxford University Press},
    edition      = 3,
    keywords     = {Latin: Littérature},
}
@book{martin_les_1981,
    title        = {Les {Genres} littéraires à {Rome}},
    author       = {Martin, René and Gaillard, Jacques and Perret, Jacques Préfacier},
    year         = 1981,
    publisher    = {Scodel},
    address      = {Paris},
    keywords     = {Latin: Littérature},
}
@incollection{oconnor_carminis_2019,
    title        = {Carminis {Incompti} {Lusus}},
    author       = {O'Connor, Eugene},
    year         = 2019,
    booktitle    = {A {Companion} to {Ancient} {Epigram}},
    publisher    = {John Wiley \& Sons, Ltd},
    pages        = {541--556},
    doi          = {10.1002/9781118841709.ch31},
    keywords     = {Latin: Littérature},
}
@article{wolff_realisme_1997,
    title        = {Réalisme et poésie chez {Martial}},
    author       = {Wolff, Étienne},
    year         = 1997,
    journal      = {Vita Latina},
    volume       = 148,
    number       = 1,
    pages        = {31--37},
    doi          = {10.3406/vita.1997.990},
    keywords     = {Latin: Littérature},
}
@book{zehnacker_litterature_2013,
    title        = {Littérature latine},
    author       = {Zehnacker, Hubert and Fredouille, Jean-Claude},
    year         = 2013,
    publisher    = {Presses Universitaires De France - Puf},
    address      = {Paris},
    edition      = {2e édition},
    keywords     = {Latin: Littérature},
}
@article{alkhwiter_part--speech_2021,
    title        = {Part-of-speech tagging for {Arabic} tweets using {CRF} and {Bi}-{LSTM}},
    author       = {AlKhwiter, Wasan and Al-Twairesh, Nora},
    year         = 2021,
    month        = jan,
    journal      = {Computer Speech \& Language},
    volume       = 65,
    pages        = 101138,
    doi          = {10.1016/j.csl.2020.101138},
    keywords     = {Lemmatisation et annotation morpho-syntaxique: Généralités},
}
@article{BodsonCodification1966,
    title        = {Codification d'un texte latin sur cartes mécanographiques {IBM} 80 colonnes},
    author       = {Bodson, Arthur and Govaerts, Suzanne},
    year         = 1966,
    journal      = {Revue Informatique et Statistique dans les Sciences humaines},
    volume       = 1966,
    number       = 1,
    pages        = {1--46},
    keywords     = {Lemmatisation et annotation morpho-syntaxique: Généralités},
}
@article{kestemont_lemmatization_2017,
    title        = {Lemmatization for variation-rich languages using deep learning},
    author       = {Kestemont, Mike and de Pauw, Guy and van Nie, Renske and Daelemans, Walter},
    year         = 2017,
    month        = dec,
    journal      = {Digital Scholarship in the Humanities},
    volume       = 32,
    number       = 4,
    pages        = {797--815},
    doi          = {10.1093/llc/fqw034},
    url          = {https://academic.oup.com/dsh/article/32/4/797/2669790},
    urldate      = {2018-11-26},
    keywords     = {Lemmatisation et annotation morpho-syntaxique: Généralités},
}
@article{lemaire_limites_2008,
    title        = {Limites de la lemmatisation pour l'extraction de significations},
    author       = {Lemaire, Benoît},
    year         = 2008,
    booktitle    = {9e Journ{\'e}es internationales d'Analyse Statistique des Donn{\'e}es Textuelles},
    pages        = {725--732},
    keywords     = {Lemmatisation et annotation morpho-syntaxique: Généralités},
}
@article{manjavacas_improving_2019,
    title        = {Improving {Lemmatization} of {Non}-{Standard} {Languages} with {Joint} {Learning}},
    author       = {Manjavacas, Enrique and Kádár, Ákos and Kestemont, Mike},
    year         = 2019,
    month        = mar,
    journal      = {arXiv:1903.06939 [cs]},
    url          = {http://arxiv.org/abs/1903.06939},
    urldate      = {2019-11-24},
    keywords     = {Lemmatisation et annotation morpho-syntaxique: Généralités},
}
@inproceedings{mellet2002atouts,
    title        = {Les atouts multiples de la lemmatisation: l’exemple du latin},
    author       = {Mellet, Sylvie and Purnelle, G{\'e}rald},
    year         = 2002,
    booktitle    = {JADT 2002, 6es Journ{\'e}es internationales d’Analyse statistique des Donn{\'e}es Textuelles},
    address      = {Saint Malo},
    pages        = {529--538},
    keywords     = {Lemmatisation et annotation morpho-syntaxique: Généralités},
}
@article{poudat2009variations,
    title        = {Variations langagi{\`e}res et annotation morphosyntaxique du latin classique},
    author       = {Poudat, C{\'e}line and Longr{\'e}e, Doninique},
    year         = 2009,
    journal      = {Traitement Automatique des Langues},
    volume       = 50,
    number       = 2,
    pages        = {129--148},
    keywords     = {Lemmatisation et annotation morpho-syntaxique: Généralités},
}
@article{schachter1985parts,
    title        = {Parts-of-speech systems},
    author       = {Schachter, Paul and Shopen, Timothy},
    year         = 1985,
    journal      = {Language typology and syntactic description},
    volume       = 1,
    pages        = {3--61},
    keywords     = {Lemmatisation et annotation morpho-syntaxique: Généralités},
}
@article{schmid1994treetagger,
    title        = {TreeTagger-a language independent part-of-speech tagger},
    author       = {Schmid, Helmut},
    year         = 1994,
    journal      = {http://www. ims. uni-stuttgart. de/projekte/corplex/TreeTagger/},
    keywords     = {Lemmatisation et annotation morpho-syntaxique: Généralités},
}
@misc{srinidhi_lemmatization_2020,
    title        = {Lemmatization in {Natural} {Language} {Processing} ({NLP}) and {Machine} {Learning}},
    author       = {Srinidhi, Sunny},
    year         = 2020,
    month        = may,
    journal      = {Medium},
    url          = {https://towardsdatascience.com/lemmatization-in-natural-language-processing-nlp-and-machine-learning-a4416f69a7b6},
    urldate      = {2020-12-07},
    keywords     = {Lemmatisation et annotation morpho-syntaxique: Généralités},
}
@inproceedings{toutanova_feature-rich_2003,
    title        = {Feature-rich part-of-speech tagging with a cyclic dependency network},
    author       = {Toutanova, Kristina and Klein, Dan and Manning, Christopher D. and Singer, Yoram},
    year         = 2003,
    month        = may,
    booktitle    = {Proceedings of the 2003 {Conference} of the {North} {American} {Chapter} of the {Association} for {Computational} {Linguistics} on {Human} {Language} {Technology}},
    publisher    = {Association for Computational Linguistics},
    address      = {Edmonton},
    series       = {{Naacl} '03},
    volume       = 1,
    pages        = {173--180},
    doi          = {10.3115/1073445.1073478},
    keywords     = {Lemmatisation et annotation morpho-syntaxique: Généralités},
}
@inproceedings{zipitria_observing_2006,
    title        = {Observing {Lemmatization} {Effect} in {LSA} {Coherence} and {Comprehension} {Grading} of {Learner} {Summaries}},
    author       = {Zipitria, Iraide and Arruarte, Ana and Elorriaga, Jon Ander},
    year         = 2006,
    booktitle    = {Intelligent {Tutoring} {Systems}},
    publisher    = {Springer},
    address      = {Berlin, Heidelberg},
    series       = {Lecture {Notes} in {Computer} {Science}},
    pages        = {595--603},
    doi          = {10.1007/11774303_59},
    editor       = {Ikeda, Mitsuru and Ashley, Kevin D. and Chan, Tak-Wai},
    keywords     = {Lemmatisation et annotation morpho-syntaxique: Généralités},
}
@misc{noauthor_harrington_nodate,
    title        = {Harrington {Trees}},
    journal      = {The Perseids Project},
    url          = {https://perseids-publications.github.io/harrington-trees/},
    urldate      = {2020-04-20},
    keywords     = {Lemmatisation et annotation morpho-syntaxique: Latin},
}
@inproceedings{bamman_design_2006,
    title        = {The design and use of a {Latin} dependency treebank},
    author       = {Bamman, David and Crane, Gregory},
    year         = 2006,
    booktitle    = {Proceedings of the {Fifth} {Workshop} on {Treebanks} and {Linguistic} {Theories}},
    publisher    = {Citeseer},
    pages        = {67--78},
    keywords     = {Lemmatisation et annotation morpho-syntaxique: Latin},
}
@misc{bozzi_lemlat_1992,
    title        = {Lemlat},
    author       = {Bozzi, Andrea and Cappelli, Giuseppe and Marinone, Nino},
    year         = 1992,
    publisher    = {Cnr-ilc},
    url          = {http://www.lemlat3.eu/about/credits/},
    keywords     = {Lemmatisation et annotation morpho-syntaxique: Latin},
}
@article{brants_tnt_2000,
    title        = {{TnT} - {A} {Statistical} {Part}-of-{Speech} {Tagger}},
    author       = {Brants, Thorsten},
    year         = 2000,
    month        = mar,
    url          = {https://arxiv.org/abs/cs/0003055v1},
    urldate      = {2020-04-06},
    keywords     = {Lemmatisation et annotation morpho-syntaxique: Latin},
}
@article{crane_generating_1991,
    title        = {Generating and {Parsing} {Classical} {Greek}},
    author       = {Crane, G.},
    year         = 1991,
    month        = oct,
    journal      = {Literary and Linguistic Computing},
    volume       = 6,
    number       = 4,
    pages        = {243--245},
    doi          = {10.1093/llc/6.4.243},
    url          = {https://academic.oup.com/dsh/article-lookup/doi/10.1093/llc/6.4.243},
    urldate      = {2020-04-06},
    keywords     = {Lemmatisation et annotation morpho-syntaxique: Latin},
}
@article{de_gussem_integrated_2017,
    title        = {Integrated {Sequence} {Tagging} for {Medieval} {Latin} {Using} {Deep} {Representation} {Learning}},
    author       = {De Gussem, Jeroen and Kestemont, Mike},
    year         = 2017,
    month        = aug,
    journal      = {Journal of Data Mining \& Digital Humanities},
    volume       = {Special Issue on Computer-Aided Processing of Intertextuality in Ancient Languages},
    url          = {https://jdmdh.episciences.org/3835/pdf},
    urldate      = {2020-04-07},
    keywords     = {Lemmatisation et annotation morpho-syntaxique: Latin},
}
@article{delatte_laboratoire_1961,
    title        = {Un laboratoire d'analyse statistique des langues anciennes à l'{Université} de {Liège}},
    author       = {Delatte, Louis and {\'E}vrard, {\'E}tienne},
    year         = 1961,
    journal      = {L'Antiquité Classique},
    volume       = 30,
    pages        = {429--444},
    doi          = {10.3406/antiq.1961.3417},
    keywords     = {Lemmatisation et annotation morpho-syntaxique: Latin},
}
@article{delatte_programme_1965,
    title        = {Programme d'analyse morphologique et syntaxique du latin},
    author       = {Delatte, Louis},
    year         = 1965,
    journal      = {Revue LASLA},
    volume       = 1,
    pages        = {57--62},
    keywords     = {Lemmatisation et annotation morpho-syntaxique: Latin},
}
@inproceedings{eger_lexicon-assisted_2015,
    title        = {Lexicon-assisted tagging and lemmatization in {Latin}: {A} comparison of six taggers and two lemmatization methods},
    author       = {Eger, Steffen and vor der Brück, Tim and Mehler, Alexander},
    year         = 2015,
    booktitle    = {Proceedings of the 9th {SIGHUM} {Workshop} on {Language} {Technology} for {Cultural} {Heritage}, {Social} {Sciences}, and {Humanities} ({LaTeCH})},
    pages        = {105--113},
    keywords     = {Lemmatisation et annotation morpho-syntaxique: Latin},
}
@misc{glaise_2020_corpus_tardif,
    title        = {{Du IIème siècle à Thomas More, un corpus gold de latin lemmatisé et annoté en morpho-syntaxe}},
    author       = {Glaise, Anthony and Clérice, Thibault},
    year         = 2021,
    month        = 12,
    doi          = {10.5281/zenodo.1234},
    url          = {https://github.com/chartes/latin-2nd-century-to-thomas-more},
    keywords     = {Lemmatisation et annotation morpho-syntaxique: Latin},
}
@inproceedings{haug_creating_2008,
    title        = {Creating a {Parallel} {Treebank} of the {Old} {Indo}-{European} {Bible Translations}},
    author       = {Haug, Dag Trygve Truslew and Jøhndal, Marius L.},
    year         = 2008,
    booktitle    = {Proceedings of the second workshop on language technology for cultural heritage data (LaTeCH 2008)},
    pages        = {27--34},
    keywords     = {Lemmatisation et annotation morpho-syntaxique: Latin},
}
@misc{johnson2014cltk,
    title        = {CLTK: The Classical Language Toolkit},
    author       = {Johnson, Kyle P. and et al.},
    year         = 2014,
    howpublished = {\url{https://github.com/cltk/cltk}},
    keywords     = {Lemmatisation et annotation morpho-syntaxique: Latin},
}
@misc{mambrini_harmonizing_2019,
    title        = {Harmonizing {Different} {Lemmatization} {Strategies} for {Building} a {Knowledge} {Base} of {Linguistic} {Resources} for {Latin}},
    author       = {Mambrinisco and Passarotti, Marco Carlo},
    year         = 2019,
    month        = jul,
    doi          = {10.5281/zenodo.3349631},
    url          = {https://zenodo.org/record/3349631\#.XosiTPFS9hE},
    urldate      = {2020-04-06},
    keywords     = {Lemmatisation et annotation morpho-syntaxique: Latin},
}
@misc{ouvrard_analysis_1992,
    title        = {Analysis},
    author       = {Ouvrard, Yves},
    year         = 1992,
    url          = {collatinus.org},
    keywords     = {Lemmatisation et annotation morpho-syntaxique: Latin},
}
@misc{ouvrard_collatinus_1999,
    title        = {Collatinus},
    author       = {Ouvrard, Yves},
    year         = 1999,
    url          = {collatinus.org},
    keywords     = {Lemmatisation et annotation morpho-syntaxique: Latin},
}
@article{passarotti_interlinking_2020,
    title        = {Interlinking through {Lemmas}. {The} {Lexical} {Collection} of the {LiLa} {Knowledge} {Base} of {Linguistic} {Resources} for {Latin}},
    author       = {Passarotti, Marco and Mambrinisco and Franzini, Greta and Cecchini, Flavio Massimiliano and Litta, Eleonora and Moretti, Giovanni and Ruffolo, Paolo and Sprugnoli, Rachele},
    year         = 2020,
    month        = sep,
    journal      = {Studi e Saggi Linguistici},
    volume       = 58,
    number       = 1,
    pages        = {177--212},
    doi          = {10.4454/ssl.v58i1.277},
    url          = {https://www.studiesaggilinguistici.it/index.php/ssl/article/view/277},
    urldate      = {2020-11-20},
    keywords     = {Lemmatisation et annotation morpho-syntaxique: Latin},
}
@unpublished{perreaux_lemmatisation_2019,
    title        = {La lemmatisation des corpus médiévaux: pourquoi et comment ?},
    author       = {Perreaux, Nicolas},
    year         = 2019,
    location     = {Paris},
    type         = {Journée d'étude},
    howpublished = {Journée d'étude},
    date         = {2019-06-17},
    keywords     = {Lemmatisation et annotation morpho-syntaxique: Latin},
}
@misc{whitaker_words_1993,
    title        = {Words},
    author       = {Whitaker, William},
    year         = 1993,
    url          = {http://archives.nd.edu/whitaker/wordsdoc.htm},
    keywords     = {Lemmatisation et annotation morpho-syntaxique: Latin},
}
@book{adams,
    title        = {The {Latin} sexual vocabulary},
    author       = {Adams, James Noel},
    year         = 1982,
    publisher    = {G. Duckworth},
    address      = {London},
    keywords     = {Lexique érotique et sexuel latin},
}
@article{adams_prostitute,
    title        = {Words for "{Prostitutes}" in {Latin}},
    author       = {Adams, James Noel},
    year         = 1983,
    journal      = {Rheinisches Museum für Philologie},
    volume       = 126,
    number       = {3/4},
    pages        = {321--358},
    keywords     = {Lexique érotique et sexuel latin},
}
@misc{whoosh,
    title        = {Whoosh},
    author       = {Chaput, Matt},
    keywords     = {Librairies et outils informatiques généraux},
}
@misc{ronacherpallets,
    title        = {Flask},
    author       = {Ronacher, Armin},
    keywords     = {Librairies et outils informatiques généraux},
}
@misc{noauthor_corpus-builder_2021,
    title        = {corpus-builder},
    year         = 2021,
    month        = mar,
    publisher    = {Lasciva Roma},
    url          = {https://github.com/lascivaroma/corpus-builder},
    urldate      = {2022-01-19},
    keywords     = {Productions issues de la thèse},
}
@misc{noauthor_forcellini-lemmas_2021,
    title        = {forcellini-lemmas},
    year         = 2021,
    month        = aug,
    publisher    = {Lasciva Roma},
    url          = {https://github.com/lascivaroma/forcellini-lemmas},
    urldate      = {2022-01-19},
    keywords     = {Productions issues de la thèse},
}
@misc{noauthor_lascivaromawebapp_nodate,
    title        = {lascivaroma/webapp},
    journal      = {GitHub},
    url          = {https://github.com/lascivaroma/webapp},
    urldate      = {2022-01-19},
    keywords     = {Productions issues de la thèse},
}
@misc{noauthor_pompei_2017,
    title        = {Pompei {Inscriptions} {Corpus} for {CapiTainS}},
    year         = 2017,
    month        = jun,
    publisher    = {Lasciva Roma},
    url          = {https://github.com/lascivaroma/pompei-inscriptions},
    urldate      = {2022-01-19},
    keywords     = {Productions issues de la thèse},
}
@software{Clerice_Pyrrha_2021,
    title        = {Pyrrha},
    author       = {Clérice, Thibault and Pilla, Julien},
    year         = 2021,
    month        = 7,
    doi          = {10.5281/zenodo.2325427},
    version      = {3.0.0},
    keywords     = {Productions issues de la thèse},
}
@software{Clerice_Digital_Latin_Library_2021,
    title        = {Digital Latin Library, converted to Capitains Guidelines},
    author       = {Clérice, Thibault and Souvay, Hippolyte Souvay and Ferrandi, Etienne and Giovannangeli, Vincent and Ouchen, Akim and Maronet, Léa and Arnaud, Émilien and Kruusmaa, Krister and Barré, Jean},
    year         = 2021,
    month        = 5,
    doi          = {10.5281/zenodo.4644217},
    version      = {latest},
    keywords     = {Productions issues de la thèse},
}
@misc{noauthor_papie_2021,
    title        = {({Pa}){PIE}: {A} {Framework} for {Joint} {Learning} of {Sequence} {Labeling} {Tasks}},
    author       = {Clérice, Thibault},
    year         = 2021,
    month        = jun,
    publisher    = {Lasciva Roma},
    url          = {https://github.com/lascivaroma/PaPie},
    urldate      = {2022-01-19},
    keywords     = {Productions issues de la thèse},
}
@misc{Clerice_Corpora_of_rare_2021,
    title        = {Corpora of rare texts, Lasciva Roma},
    author       = {Clérice, Thibault},
    year         = 2021,
    month        = 4,
    doi          = {10.5281/zenodo.4384732},
    version      = {latest},
    keywords     = {Productions issues de la thèse},
}
@software{thibault_clerice_2020_corpus_latin,
    title        = {Corpus Latin antiquité et antiquité tardive lemmatisé},
    author       = {Clérice, Thibault},
    year         = 2021,
    month        = apr,
    publisher    = {Zenodo},
    doi          = {10.5281/zenodo.4337145},
    url          = {https://doi.org/10.5281/zenodo.4337145},
    version      = {0.1.3},
    keywords     = {Productions issues de la thèse},
}
@software{Clerice_Digital_edition_of_2020,
    title        = {Digital edition of Priapea, Lasciva Roma},
    author       = {Clérice, Thibault},
    year         = 2020,
    month        = 5,
    doi          = {10.5281/zenodo.815447},
    version      = {1.1.18},
    keywords     = {Productions issues de la thèse},
}
@software{Clerice_Lasciva_Roma_Lexical_2022,
    title        = {Lasciva Roma, Lexical Data},
    author       = {Clérice, Thibault},
    year         = 2022,
    month        = 1,
    doi          = {10.5281/zenodo.1234},
    url          = {https://github.com/lascivaroma/lexical},
    version      = {0.0.1},
    keywords     = {Productions issues de la thèse},
}
@misc{Clerice_Lemmatisation_et_analyse_2021,
    title        = {Lemmatisation et analyse morpho-syntaxique des Priapées},
    author       = {Clérice, Thibault},
    year         = 2021,
    month        = 12,
    url          = {https://github.com/lascivaroma/priapea-lemmatization},
    keywords     = {Productions issues de la thèse},
}
@software{Clerice_OCR_Sycophant_2021,
    title        = {OCR Sycophant},
    author       = {Clérice, Thibault},
    year         = 2021,
    month        = 7,
    doi          = {10.5281/zenodo.389294890},
    version      = {0.0.4},
    keywords     = {Productions issues de la thèse},
}
@software{thibault_clerice_2018_1243076,
    title        = {PonteIneptique/collatinus-python: 0.1.6},
    author       = {Thibault Clérice},
    year         = 2018,
    month        = may,
    publisher    = {Zenodo},
    doi          = {10.5281/zenodo.1243076},
    url          = {https://doi.org/10.5281/zenodo.1243076},
    version      = {0.1.6},
    keywords     = {Productions issues de la thèse},
}
@misc{noauthor_machine_actionable_nodate,
    title        = {Machine-actionable},
    journal      = {Data Documentation Initiative},
    url          = {https://ddialliance.org/taxonomy/term/198},
    urldate      = {2021-12-21},
    keywords     = {Reproductibilité et ingénierie},
}
@article{belz2021systematic,
    title        = {A systematic review of reproducibility research in natural language processing},
    author       = {Belz, Anya and Agarwal, Shubham and Shimorina, Anastasia and Reiter, Ehud},
    year         = 2021,
    journal      = {arXiv preprint 2103.07929},
    keywords     = {Reproductibilité et ingénierie},
}
@article{belz_quantifying_2021,
    title        = {Quantifying {Reproducibility} in {NLP} and {ML}},
    author       = {Belz, Anya},
    year         = 2021,
    month        = sep,
    journal      = {arXiv:2109.01211 [cs]},
    url          = {http://arxiv.org/abs/2109.01211},
    urldate      = {2021-12-17},
    keywords     = {Reproductibilité et ingénierie},
}
@article{borgman2012conundrum,
    title        = {The conundrum of sharing research data},
    author       = {Borgman, Christine L},
    year         = 2012,
    journal      = {Journal of the American Society for Information Science and Technology},
    publisher    = {Wiley Online Library},
    volume       = 63,
    number       = 6,
    pages        = {1059--1078},
    keywords     = {Reproductibilité et ingénierie},
}
@article{chokshi2019facial,
    title        = {Facial Recognition’s Many Controversies, From Stadium Surveillance to Racist Software’},
    author       = {Chokshi, Niraj},
    year         = 2019,
    journal      = {New York Times},
    volume       = 15,
    keywords     = {Reproductibilité et ingénierie},
}
@misc{hutson2018artificial,
    title        = {Artificial intelligence faces reproducibility crisis},
    author       = {Hutson, Matthew},
    year         = 2018,
    publisher    = {American Association for the Advancement of Science},
    keywords     = {Reproductibilité et ingénierie},
}
@article{lohr2018facial,
    title        = {Facial recognition is accurate, if you’re a white guy},
    author       = {Lohr, Steve},
    year         = 2018,
    journal      = {New York Times},
    volume       = 9,
    number       = 8,
    pages        = 283,
    keywords     = {Reproductibilité et ingénierie},
}
@article{poole_now_2013,
    title        = {Now is the {Future} {Now}? {The} {Urgency} of {Digital} {Curation} in the {Digital} {Humanities}},
    author       = {Poole, Alex H.},
    year         = 2013,
    month        = oct,
    journal      = {Digital Humanities Quarterly},
    volume       = {007},
    number       = 2,
    keywords     = {Reproductibilité et ingénierie},
}
@article{raji2021ai,
    title        = {AI and the everything in the whole wide world benchmark},
    author       = {Raji, Inioluwa Deborah and Bender, Emily M and Paullada, Amandalynne and Denton, Emily and Hanna, Alex},
    year         = 2021,
    journal      = {arXiv preprint 2111.15366},
    keywords     = {Reproductibilité et ingénierie},
}
@techreport{unsworth2006our,
    title        = {Our Cultural Commonwealth: the report of the American Council of learned societies commission on cyberinfrastructure for the humanities and social sciences},
    author       = {Unsworth, John},
    year         = 2006,
    institution  = {ACLS: New York,},
    keywords     = {Reproductibilité et ingénierie},
}
@book{richlin1992pornography,
    title        = {Pornography and representation in Greece and Rome},
    year         = 1992,
    publisher    = {Oxford University Press},
    editor       = {Richlin, Amy},
    keywords     = {Sexualité: Histoire},
}
@article{bain2014praefanda,
    title        = {Praefanda: the lexicography of ancient Greek aischrologia},
    author       = {Bain, David},
    year         = 2014,
    journal      = {Praefanda},
    publisher    = {Patron},
    volume       = 25,
    pages        = {391--416},
    collaborator = {Amy Cocker},
    keywords     = {Sexualité: Histoire},
}
@book{cuchet_hommes_2011,
    title        = {Hommes et femmes dans l'{Antiquité} grecque et romaine: {Le} genre : méthode et documents},
    author       = {Boehringer, Sandra and Cuchet Sebillotte, Violaine},
    year         = 2011,
    month        = jun,
    publisher    = {Armand Colin},
    keywords     = {Sexualité: Histoire},
}
@article{boehringer_not_2018,
    title        = {Not a {Freak} but a {Jack}-in-the-{Box}: {Philaenis} in {Martial}, {Epigram} {VII}, 67},
    author       = {Boehringer, Sandra},
    year         = 2018,
    journal      = {Archimède. Archéologie et histoire ancienne},
    volume       = 5,
    pages        = {83--94},
    doi          = {10.47245/archimede.0005.ds1.08},
    keywords     = {Sexualité: Histoire},
}
@article{butrica_myths_2005,
    title        = {Some {Myths} and {Anomalies} in the {Study} of {Roman} {Sexuality}},
    author       = {Butrica, James L.},
    year         = 2005,
    month        = dec,
    journal      = {Journal of Homosexuality},
    volume       = 49,
    number       = {3-4},
    pages        = {209--269},
    doi          = {10.1300/J082v49n03_08},
    keywords     = {Sexualité: Histoire},
}
@book{cantarella_bisexuality_1992,
    title        = {Bisexuality in the {Ancient} {World}},
    author       = {Cantarella, Eva and Cuilleanain, Cormac O.},
    year         = 1992,
    month        = sep,
    publisher    = {Yale University Press},
    address      = {New Haven, CT},
    keywords     = {Sexualité: Histoire},
}
@book{cantarella_pompei_2000,
    title        = {Pompei : les visages de l'amour},
    author       = {Cantarella, Eva and Foglia, Alfredo and Foglia, Pio},
    year         = 2000,
    publisher    = {A. Michel},
    address      = {Paris},
    translator   = {Blanchard, Daniel},
    keywords     = {Sexualité: Histoire},
}
@book{cantarella_secondo_1988,
    title        = {Secondo natura. {La} bisessualità nel mondo antico},
    author       = {Cantarella, Eva},
    year         = 1988,
    address      = {Rome},
    keywords     = {Sexualité: Histoire},
}
@book{dover_greek_1979,
    title        = {Greek homosexuality},
    author       = {Dover, Kenneth James},
    year         = 1979,
    publisher    = {Duckworth},
    address      = {London},
    keywords     = {Sexualité: Histoire},
}
@book{dupont_antiquite_2013,
    title        = {L'{Antiquité}, territoire des écarts: entretiens avec {Pauline} {Colonna} d'{Istria} et {Sylvie} {Taussig}},
    author       = {Dupont, Florence and Colonna d'Istria, Pauline and Taussig, Sylvie},
    year         = 2013,
    publisher    = {Albin Michel},
    keywords     = {Sexualité: Histoire},
}
@book{dupont_lerotisme_2001,
    title        = {L'érotisme masculin dans la {Rome} antique},
    author       = {Dupont, Florence and Éloi, Thierry},
    year         = 2001,
    publisher    = {Belin, 2001},
    address      = {Paris},
    keywords     = {Sexualité: Histoire},
}
@book{foucault_histoire_1976,
    title        = {Histoire de la sexualité, tome 1 : {La} {Volonté} de savoir},
    author       = {Foucault, Michel},
    year         = 1976,
    publisher    = {Gallimard},
    keywords     = {Sexualité: Histoire},
}
@article{frontisi2004ovide,
    title        = {Ovide pornographe? Comment lire les r{\'e}cits de viols},
    author       = {Frontisi, Fran{\c{c}}oise},
    year         = 2004,
    journal      = {Clio. Femmes, Genre, Histoire},
    publisher    = {{\'E}ditions Belin},
    number       = 19,
    pages        = {21--35},
    keywords     = {Sexualité: Histoire},
}
@book{girod_les_2013,
    title        = {Les femmes et le sexe dans la {Rome} antique},
    author       = {Girod, Virginie},
    year         = 2013,
    publisher    = {Éditions Tallandier},
    address      = {Paris},
    keywords     = {Sexualité: Histoire},
}
@article{gladhill_tiberius_2018,
    title        = {Tiberius on {Capri} and the {Limits} of {Roman} {Sex} {Culture}},
    author       = {Gladhill, Bill},
    year         = 2018,
    journal      = {Eugesta: Journal on Gender Studies in Antiquity},
    number       = 8,
    pages        = {184--202},
    keywords     = {Sexualité: Histoire},
}
@misc{henderson197521991,
    title        = {21991. The Maculate Muse. Obscene Language in Attic Comedy},
    author       = {Henderson, Jeffrey},
    year         = 1975,
    publisher    = {New York: Oxford University Press},
    keywords     = {Sexualité: Histoire},
}
@book{johns2000sex,
    title        = {Sex or symbol?: Erotic images of Greece and Rome},
    author       = {Johns, Catherine},
    year         = 2000,
    publisher    = {Taylor \& Francis},
    keywords     = {Sexualité: Histoire},
}
@incollection{krenkel_masturbation_1979,
    title        = {Masturbation in der {Antike}},
    author       = {Krenkel, Werner A.},
    year         = 1979,
    booktitle    = {Wissenschaftliche {Zeitschrift} der {Wilhelm}-{Pieck}-{Universität} {Rostock}. {Gesellschaf}},
    publisher    = {Wissenschaftliche Zeitschrift der Wilhelm-Pieck-Universität Rostock. Gesellschaf},
    volume       = 28,
    number       = 3,
    pages        = {159--172},
    keywords     = {Sexualité: Histoire},
}
@article{loraux_eloge_2005,
    title        = {Éloge de l'anachronisme en histoire},
    author       = {Loraux, Nicole},
    year         = 2005,
    journal      = {Espace Temps},
    volume       = 87,
    number       = 1,
    pages        = {127--139},
    doi          = {10.3406/espat.2005.4369},
    url          = {https://www.persee.fr/doc/espat_0339-3267_2005_num_87_1_4369},
    urldate      = {2022-01-09},
    keywords     = {Sexualité: Histoire},
}
@book{meyboom2006meaning,
    title        = {The meaning of dwarfs in Nilotic scenes},
    author       = {Meyboom, {Paul G.P.} and Versluys, Miguel John},
    year         = 2006,
    publisher    = {Brill},
    keywords     = {Sexualité: Histoire},
}
@incollection{myerowitz1992domestication,
    title        = {The domestication of desire: Ovid’s Parva Tabella and the theater of love},
    author       = {Myerowitz, Molly},
    year         = 1992,
    booktitle    = {Pornography and Representation in Greece and Rome},
    publisher    = {Oxford University Press},
    pages        = {131--157},
    editor       = {Richlin, Amy},
    keywords     = {Sexualité: Histoire},
}
@article{parker1997teratogenic,
    title        = {The teratogenic grid},
    author       = {Parker, Holt N and others},
    year         = 1997,
    journal      = {Roman sexualities},
    publisher    = {Princeton},
    volume       = 54,
    keywords     = {Sexualité: Histoire},
}
@misc{paul_veyne_entretien_2017,
    title        = {Entretien avec {Paul} {Veyne}},
    author       = {Paul Veyne},
    year         = 2017,
    month        = may,
    journal      = {L’Antiquité à la BnF},
    url          = {https://antiquitebnf.hypotheses.org/1037},
    urldate      = {2022-01-09},
    type         = {Billet},
    keywords     = {Sexualité: Histoire},
}
@book{puccini_delbey_vie_2010,
    title        = {La vie sexuelle à {Rome}},
    author       = {Puccini-Delbey, Géraldine},
    year         = 2010,
    publisher    = {Ed. du Seuil},
    address      = {Paris},
    keywords     = {Sexualité: Histoire},
}
@article{richlin1993not,
    title        = {Not before homosexuality: the materiality of the cinaedus and the Roman law against love between men},
    author       = {Richlin, Amy},
    year         = 1993,
    journal      = {Journal of the History of Sexuality},
    volume       = 3,
    number       = 4,
    pages        = {523--573},
    keywords     = {Sexualité: Histoire},
}
@book{veyne_lelegie_1983,
    title        = {L'élégie érotique romaine: l'amour, la poésie et l'{Occident}},
    author       = {Veyne, Paul},
    year         = 1983,
    publisher    = {Éditions du Seuil, DL 1983},
    address      = {Paris},
    keywords     = {Sexualité: Histoire},
}
@article{veyne_homosexualite_1982,
    title        = {L'homosexualité à {Rome}},
    author       = {Veyne, Paul},
    year         = 1982,
    journal      = {Communications},
    volume       = 35,
    number       = 1,
    pages        = {26--33},
    doi          = {10.3406/comm.1982.1519},
    url          = {http://www.persee.fr/web/revues/home/prescript/article/comm_0588-8018_1982_num_35_1_1519},
    keywords     = {Sexualité: Histoire},
}
@book{adams1996vocabolario,
    title        = {Il vocabolario del sesso a Roma: analisi del linguaggio sessuale nella latinit{\`a}},
    author       = {Adams, James Noel and Coletti, Maria Laetitia Riccio and Riccio, Enrico},
    year         = 1996,
    publisher    = {Argo},
    keywords     = {Sexualité: Lexique latin},
}
@article{adams1981ausonius,
    title        = {Ausonius, Cento nuptialis, 101-131},
    author       = {Adams, James Noel},
    year         = 1981,
    journal      = {Studi italiani di filologia classica},
    publisher    = {Felice Le Monnier},
    volume       = 53,
    number       = 1,
    pages        = {199--215},
    keywords     = {Sexualité: Lexique latin},
}
@article{adams_culus_1981,
    title        = {Culus, {Clunes} and {Their} {Synonyms} in {Latin}},
    author       = {Adams, James Noel},
    year         = 1981,
    journal      = {Glotta},
    volume       = 59,
    number       = {3/4},
    pages        = {231--264},
    keywords     = {Sexualité: Lexique latin},
}
@article{adams_martial_1983,
    title        = {Martial 2. 83},
    author       = {Adams, James Noel},
    year         = 1983,
    month        = oct,
    journal      = {Classical Philology},
    volume       = 78,
    number       = 4,
    pages        = {311--315},
    keywords     = {Sexualité: Lexique latin},
}
@article{booth_adams,
    title        = {Review of The Latin Sexual Vocabulary, by J. N. Adams},
    author       = {Alan D. Booth},
    year         = 1983,
    journal      = {Phoenix},
    publisher    = {Classical Association of Canada},
    volume       = 37,
    number       = 4,
    pages        = {362--364},
    reviewed-author = {J. N. Adams},
    keywords     = {Sexualité: Lexique latin},
}
@misc{amy1983garden,
    title        = {The Garden of Priapus: sexuality and aggression in Roman humor},
    author       = {Amy, Richlin},
    year         = 1983,
    publisher    = {New Haven, Yale University Press},
    keywords     = {Sexualité: Lexique latin},
}
@article{bain_six_1991,
    title        = {Six {Greek} {Verbs} of {Sexual} {Congress} (βινω, κινω, πυγίζω, ληκω, οἴϕω, λαικάζω)},
    author       = {Bain, David},
    year         = 1991,
    journal      = {The Classical Quarterly},
    volume       = 41,
    number       = 1,
    pages        = {51--77},
    keywords     = {Sexualité: Lexique latin},
}
@book{beccadelli_antonii_1824,
    title        = {Antonii {Panormitae} {Hermaphroditus}. {Primus} in {Germania} edidit et apophoreta adjecit {Frider}. {Carol}. {Forbergius}},
    author       = {Beccadelli, Antonio},
    year         = 1824,
    publisher    = {sumptibus Meuseliorum},
    address      = {Cobourg},
    editor       = {Forberg, Friedrich-Karl},
    keywords     = {Sexualité: Lexique latin},
}
@book{blondeau_dictionnaire_1885,
    title        = {Dictionnaire érotique latin-francais},
    author       = {Blondeau, Pierre-Nicolas},
    year         = 1885,
    publisher    = {Isidore Liseux},
    address      = {Paris},
    url          = {https://catalog.hathitrust.org/Record/011920602},
    urldate      = {2022-01-04},
    keywords     = {Sexualité: Lexique latin},
}
@book{dubuisson_lasciva_2011,
    title        = {Lasciva {Venus}: petit guide de l'amour latin},
    author       = {Dubuisson, Michel},
    year         = 2011,
    publisher    = {Éd. de la Différence},
    address      = {Paris},
    keywords     = {Sexualité: Lexique latin},
}
@book{forberg_f_1907,
    title        = {De {Figuris} {Veneris}, des formes du baiser},
    author       = {Forberg, Friedrich-Karl},
    year         = 1907,
    publisher    = {H. Daragon},
    address      = {Paris},
    keywords     = {Sexualité: Lexique latin},
}
@book{forberg_manuel_1882,
    title        = {Manuel d'érotologie classique ("de figuris {Veneris}"), par {Fred}. {Ch}. {Forberg}},
    author       = {Forberg, Friedrich-Karl},
    year         = 1882,
    publisher    = {I. Liseux},
    address      = {Paris},
    series       = {Musée secret du bibliophile},
    number       = {N° 3},
    translator   = {Bonneau, Alcide},
    keywords     = {Sexualité: Lexique latin},
}
@article{goldberger_kraftausdrucke_1929,
    title        = {Kraftausdrücke im {Vulgärlatein}},
    author       = {Goldberger, Walter},
    year         = 1929,
    journal      = {Glotta},
    volume       = 18,
    number       = {1/2},
    pages        = {8--65},
    keywords     = {Sexualité: Lexique latin},
}
@article{goldberger_kraftausdrucke_1931,
    title        = {Kraftausdrücke im {Vulgärlatein}},
    author       = {Goldberger, Walter},
    year         = 1931,
    journal      = {Glotta},
    volume       = 20,
    number       = {1/2},
    pages        = {101--150},
    keywords     = {Sexualité: Lexique latin},
}
@article{goodyear_praefanda_1985,
    title        = {Praefanda - {J}. {N}. {Adams}: {The} {Latin} {Sexual} {Vocabulary}},
    author       = {Goodyear, F. R. D.},
    year         = 1985,
    month        = oct,
    journal      = {The Classical Review},
    volume       = 35,
    number       = 2,
    pages        = {316--317},
    doi          = {10.1017/s0009840x00108984},
    keywords     = {Sexualité: Lexique latin},
}
@article{hopfner_sexualleben_1938,
    title        = {Das {Sexualleben} der {Griechen} und {Römer}: von den {Anfängen} bis ins 6. {Jahrhundert} nach {Christus}},
    author       = {Hopfner, Theodor},
    year         = 1938,
    publisher    = {Calve},
    address      = {Prague},
    keywords     = {Sexualité: Lexique latin},
}
@article{jocelyn_greek_1980,
    title        = {A {Greek} indecency and its students: Λαικάζειν},
    author       = {Jocelyn, Henry David},
    year         = 1980,
    journal      = {The Cambridge Classical Journal},
    volume       = 26,
    pages        = {12--66},
    doi          = {10.1017/s006867350000420x},
    keywords     = {Sexualité: Lexique latin},
}
@phdthesis{montero_cartelle_aspectos_1973,
    title        = {Aspectos léxicos y literarios de la literatura erótica latina},
    author       = {Montero Cartelle, Enrique},
    year         = 1973,
    address      = {Santiago de Compostelle},
    type         = {Doctorat},
    school       = {Université de Santiago de Compostelle},
    keywords     = {Sexualité: Lexique latin},
}
@article{opelt1966euphemismus,
    title        = {Euphemismus},
    author       = {Opelt, Ilona},
    year         = 1966,
    journal      = {Reallexikon für Antike und Christentum},
    publisher    = {Hiersemann Stuttgart},
    volume       = 6,
    pages        = {947--964},
    keywords     = {Sexualité: Lexique latin},
}
@article{opelt1970schimpfworter,
    title        = {Schimpfw{\"o}rter bei Commodian},
    author       = {Opelt, Ilona},
    year         = 1970,
    journal      = {Vigiliae Christianae},
    pages        = {290--299},
    keywords     = {Sexualité: Lexique latin},
}
@book{otto_sprichworter_1890,
    title        = {Die {Sprichwörter} und sprichwörtlichen {Redensarten} der {Römer}},
    author       = {Otto},
    year         = 1890,
    publisher    = {Teubner},
    keywords     = {Sexualité: Lexique latin},
}
@article{parra1997figuris,
    title        = {De figuris Veneris: el Manual de erótica clásica de E K. Forberg},
    author       = {Parra, Luis and Ruiz, José Manuel},
    year         = 1997,
    journal      = {Cuadernos de Filología Clásica. Estudios Latinos},
    volume       = 13,
    pages        = {153--164},
    keywords     = {Sexualité: Lexique latin},
}
@book{pierrugues_glossarium_1826,
    title        = {Glossarium eroticum linguae latinae, sive {Theogoniae}, legum et morum nuptialium apud       {Romanos} explanatio nova... auctore {P}. {P}. [{P}. {Pierrugues}.]},
    author       = {Pierrugues, Pierre-Emmanuel},
    year         = 1826,
    publisher    = {A.-E. et P. Dondey-Dupré},
    address      = {Paris},
    keywords     = {Sexualité: Lexique latin},
}
@book{pierrugues_supplementum_1911,
    title        = {Supplementum et index lexicorum eroticorum linguae latinae},
    author       = {Pierrugues, Pierre-Emmanuel},
    year         = 1911,
    publisher    = {H. Welter},
    address      = {Paris},
    url          = {http://gallica.bnf.fr/ark:/12148/bpt6k12658315},
    urldate      = {2022-01-04},
    keywords     = {Sexualité: Lexique latin},
}
@phdthesis{richlin_sexual_1978,
    title        = {Sexual {Terms} and {Themes} in {Roman} {Satire} and {Related} {Genres}.},
    author       = {Richlin, Amy},
    year         = 1978,
    type         = {{PhD} {Thesis}},
    school       = {Yale University},
    keywords     = {Sexualité: Lexique latin},
}
@misc{richlin1984latin,
    title        = {The Latin Sexual Vocabulary},
    author       = {Richlin, Amy},
    year         = 1984,
    journal      = {The American Journal of Philology},
    publisher    = {Johns Hopkins University Press},
    volume       = 105,
    number       = 4,
    pages        = {491--494},
    reviewed-author = {J. N. Adams},
    keywords     = {Sexualité: Lexique latin},
}
@article{rousselle_j_1987,
    title        = {J. {N}. {Adams}, {The} {Latin} {Sexual} {Vocabulary}, {Londres}, {Duckworth}, 1982, 272 p.},
    author       = {Rousselle, Aline},
    year         = 1987,
    month        = apr,
    journal      = {Annales. Histoire, Sciences Sociales},
    volume       = 42,
    number       = 2,
    pages        = {322--323},
    keywords     = {Sexualité: Lexique latin},
}
@article{williams_meanings_2013,
    title        = {The meanings of softness: {Some} remarks on the semantics of mollitia},
    author       = {Williams, Craig A.},
    year         = 2013,
    journal      = {Eugesta: Journal on Gender Studies in Antiquity},
    volume       = 3,
    pages        = {240--63},
    keywords     = {Sexualité: Lexique latin},
}
@misc{noauthor_cpi_nodate,
    title        = {{CPI} {Inflation} {Calculator}},
    url          = {https://www.bls.gov/data/inflation_calculator.htm},
    urldate      = {2021-10-30},
    keywords     = {Sources et archives},
}
@misc{noauthor_cuda_nodate,
    title        = {{CUDA} {C}++ {Programming} {Guide}},
    url          = {http://docs.nvidia.com/cuda/cuda-c-programming-guide/index.html},
    urldate      = {2020-04-07},
    type         = {concept},
    keywords     = {Sources et archives},
}
@misc{noauthor_pny_2020,
    title        = {{PNY} {Quadro} {RTX} 8000},
    year         = 2020,
    month        = apr,
    journal      = {LDLC.com},
    url          = {https://web.archive.org/web/20200407092935/https://www.ldlc.com/recherche/nvidia-2080-ti/+fcat-4684.html?sort=2&department=all},
    urldate      = {2020-04-07},
    keywords     = {Sources et archives},
}
@misc{noauthor_british_2021,
    title        = {British {Pound} to {US} {Dollar} {Spot} {Exchange} {Rates} for 1995 from the {Bank} of {England}},
    year         = 2021,
    month        = oct,
    url          = {https://web.archive.org/web/20211030074242/https://www.poundsterlinglive.com/bank-of-england-spot/historical-spot-exchange-rates/gbp/GBP-to-USD-1995},
    urldate      = {2021-10-30},
    keywords     = {Sources et archives},
}
@misc{travis_hook_2017,
    title        = {Build \#1 - {PerseusDL}/canonical-{latinLit} - {Travis} {CI}},
    year         = 2017,
    month        = apr,
    journal      = {Travis CI},
    url          = {https://travis-ci.org/github/PerseusDL/canonical-latinLit/builds/223184800},
    urldate      = {2021-12-22},
    keywords     = {Sources et archives},
}
@misc{noauthor_canonical_latinlitphi0660phi003perseus_lat2xml_nodate,
    title        = {canonical-{latinLit}/phi0660.phi003.perseus-lat2.xml at 52a82eaf29f86bf0abddf0b75000a526c2702534 · {PerseusDL}/canonical-{latinLit}},
    journal      = {GitHub},
    url          = {https://github.com/PerseusDL/canonical-latinLit},
    urldate      = {2021-12-27},
    keywords     = {Sources et archives},
}
@book{noauthor_catalogue_1788,
    title        = {Catalogue de la bibliothèque de feu {M}. {Baron}, premier médecin des camps \& armées du {Roi} en {Italie} \& en {Allemagne}, ancien doyen de la faculté de {Médecine} de {Paris}, \&c. {Dont} la vente se fera en sa maison, rue {Culture} {Sainte}-{Catherine}, vis-à-vis le jardin de l'hôtel de {Lamoignon}},
    year         = 1788,
    url          = {https://gallica.bnf.fr/ark:/12148/bpt6k1512992m},
    urldate      = {2022-01-08},
    keywords     = {Sources et archives},
}
@misc{adams_page_carreer,
    title        = {Dr {James} {Adams} {\textbar} {All} {Souls} {College}},
    url          = {https://www.asc.ox.ac.uk/person/dr-james-adams},
    urldate      = {2022-01-11},
    keywords     = {Sources et archives},
}
@misc{noauthor_france_nodate,
    title        = {France - {Taux} de change de la monnaie locale en dollars américains (\$ {US}) {\textbar} {Statistiques}},
    url          = {https://perspective.usherbrooke.ca/bilan/servlet/BMTendanceStatPays?langue=fr&codePays=FRA&codeStat=PA.NUS.FCRF&codeTheme=2},
    urldate      = {2021-10-30},
    keywords     = {Sources et archives},
}
@misc{noauthor_pull_nodate,
    title        = {Pull requests · {PerseusDL}/canonical-{latinLit} · {GitHub}},
    year         = 2021,
    month        = dec,
    url          = {https://web.archive.org/web/20211222162038/https://github.com/PerseusDL/canonical-latinLit/pulls/PonteIneptique},
    urldate      = {2021-12-22},
    keywords     = {Sources et archives},
}
@misc{noauthor_recherche_2020,
    title        = {Recherche {NVIDIA} 2080 {Ti}},
    year         = 2020,
    month        = apr,
    journal      = {LDLC.com},
    url          = {https://web.archive.org/web/20200407092935/https://www.ldlc.com/recherche/nvidia-2080-ti/+fcat-4684.html?sort=2&department=all},
    urldate      = {2020-04-07},
    keywords     = {Sources et archives},
}
@misc{noauthor_statistiques_nodate,
    title        = {Statistiques — {Wikipédia}},
    url          = {https://fr.wikipedia.org/wiki/Spécial:Statistiques},
    urldate      = {2022-01-02},
    keywords     = {Sources et archives},
}
@misc{travis_hook_2017_logs,
    title        = {Test 1 - PerseusDL/canonical-latinLit},
    year         = 2017,
    month        = apr,
    journal      = {Capitains {Hook} : {Continuous} integration for {CTS} git repositories},
    url          = {https://web.archive.org/web/20211222160137/https://ci.perseids.org/repo/PerseusDL/canonical-latinLit/9},
    urldate      = {2021-12-22},
    keywords     = {Sources et archives},
}
@misc{travis_hook_2021_logs,
    title        = {Test 874 - PerseusDL/canonical-latinLit},
    year         = 2021,
    month        = dec,
    journal      = {Capitains {Hook} : {Continuous} integration for {CTS} git repositories},
    url          = {https://ci.perseids.org/repo/PerseusDL/canonical-latinLit/5512},
    urldate      = {2021-12-22},
    keywords     = {Sources et archives},
}
@misc{noauthor_william_nodate,
    title        = {William {A} {Whitaker} (1936-2010) - {Find} {A} {Grave} {Memorial}},
    url          = {https://web.archive.org/web/20180705175913/https://www.findagrave.com/memorial/66889159},
    urldate      = {2022-01-14},
    keywords     = {Sources et archives},
}
@incollection{adams_henry_2003,
    title        = {Henry {David} {Jocelyn} 1933–2000},
    author       = {Adams, James Noel},
    year         = 2003,
    month        = dec,
    booktitle    = {Proceedings of the British Academy},
    volume       = 120,
    pages        = {275--299},
    doi          = {10.5871/bacad/9780197263020.003.0014},
    chapter      = {Biographical Memoirs of Fellows},
    issue        = {II},
    editor       = {Peter James Marshall},
    keywords     = {Sources et archives},
}
@article{bain_obituary,
    title        = {Professor {David} {Bain}},
    author       = {Adams, James Noel},
    year         = 2005,
    month        = jan,
    day          = 256,
    journal      = {The Times},
    pages        = 62,
    keywords     = {Sources et archives},
}
@misc{clerice_catalog_dataphi0959phi015_2021,
    title        = {catalog\_dataphi0959.phi015 has a very wrong number of words},
    author       = {Clérice, Thibault and Babeu, Alison},
    year         = 2021,
    month        = dec,
    journal      = {PerseusDL/catalog\_data on Github},
    url          = {https://github.com/PerseusDL/catalog_data},
    urldate      = {2021-12-31},
    keywords     = {Sources et archives},
}
@misc{clerice_phi0914phi001lat2_nodate,
    title        = {(phi0914.phi001.lat2) {Added} {Capitains} transformation by {PonteIneptique} · {Pull} {Request} \#257 · {PerseusDL}/canonical-{latinLit}},
    author       = {Clérice, Thibault and Cerrato, Lisa and Almas, Bridget and Babeu, Alison},
    year         = 2018,
    month        = jun,
    journal      = {GitHub},
    url          = {https://github.com/PerseusDL/canonical-latinLit/pull/257},
    urldate      = {2021-12-27},
    keywords     = {Sources et archives},
}
@misc{clerice_allow_nodate,
    title        = {Allow for using other {Learning} {Rate} {Schedulers} and {Optimizers} · {Issue} \#76 · emanjavacas/pie},
    author       = {Clérice, Thibault and Manjavacas, Enrique},
    year         = 2020,
    month        = nov,
    journal      = {GitHub},
    url          = {https://github.com/emanjavacas/pie/issues/76},
    urldate      = {2020-12-22},
    keywords     = {Sources et archives},
}
@misc{juola_how_2013,
    title        = {How a {Computer} {Program} {Helped} {Show} {J}.{K}. {Rowling} write {A} {Cuckoo}’s {Calling}},
    author       = {Juola, Patrick},
    year         = 2013,
    month        = aug,
    journal      = {Scientific American},
    url          = {https://www.scientificamerican.com/article/how-a-computer-program-helped-show-jk-rowling-write-a-cuckoos-calling/},
    urldate      = {2021-08-30},
    type         = {News},
    keywords     = {Sources et archives},
}
@misc{kestemont_initial_2016,
    title        = {Initial commit · hipster-philology/pandora@dffaf87},
    author       = {Kestemont, Mike},
    year         = 2016,
    month        = jan,
    journal      = {GitHub},
    url          = {https://github.com/hipster-philology/pandora/commit/dffaf87b0806b19572d21330e67b2c29c7bce4b2},
    urldate      = {2020-04-07},
    keywords     = {Sources et archives},
}
@misc{lautorite_de_regulation_des_communications_electroniques_indicateurs_nodate,
    title        = {Indicateurs annuels 1998-2020p},
    author       = {L'Autorité de régulation des communications électroniques},
    journal      = {data.gouv.fr},
    url          = {https://www.data.gouv.fr/fr/datasets/observatoire-des-communications-electroniques/},
    urldate      = {2021-11-09},
    keywords     = {Sources et archives},
}
@book{gaillard_anthologie_2005,
    title        = {Anthologie de la littérature latine},
    year         = 2005,
    publisher    = {Gallimard},
    address      = {Paris},
    editor       = {Gaillard, Jacques and Martin, René},
    keywords     = {Textes latins et traductions},
}
@book{baehrens_poetae_1910,
    title        = {Poetae {Latini} minores},
    year         = 1879,
    publisher    = {B.G. Teubneri},
    address      = {Leipgiz},
    editor       = {Baehrens, Emil},
    keywords     = {Textes latins et traductions},
}
@book{callebat_priapees_2012,
    title        = {Priapées},
    year         = 2012,
    publisher    = {Les Belles Lettres},
    address      = {Paris},
    editor       = {Callebat, Louis and Soubiran, Jean},
    keywords     = {Textes latins et traductions},
}
@book{burton_priapeia_1890,
    title        = {Priapeia, or the {Sportive} epigrams of divers poets on {Priapus}},
    year         = 1890,
    url          = {https://www.sacred-texts.com/cla/priap/index.htm},
    urldate      = {2021-12-27},
    translator   = {Burton, Richard Francis and Smithers, Leonard C},
    keywords     = {Textes latins et traductions},
}
@book{ausone_d_2010,
    title        = {D. {M}. {Ausonii} {Burdigalensis} opuscula omnia},
    author       = {Ausone},
    year         = 2010,
    publisher    = {Mollat},
    address      = {Bordeaux},
    editor       = {Combeaud, Bernard},
    keywords     = {Textes latins et traductions},
}
@phdthesis{bolton_edition_2015,
    title        = {An {Edition}, {Translation} and {Commentary} of {Mustio}'s {Gynaecia}},
    author       = {Bolton, Lesley},
    year         = 2015,
    month        = may,
    address      = {Calgary},
    doi          = {10.11575/prism/24848},
    collaborator = {Nielsen, Hanne Sigismund},
    school       = {University of Calgary},
    keywords     = {Textes latins et traductions},
}
@article{cilliers_vindicianuss_2005,
    title        = {Vindicianus's {Gynaecia}: {Text} and {Translation} of the {Codex} {Monacensis}},
    author       = {Cilliers, Louise},
    year         = 2005,
    month        = jan,
    journal      = {The Journal of Medieval Latin},
    volume       = 15,
    pages        = {153--236},
    doi          = {10.1484/j.jml.2.304240},
    keywords     = {Textes latins et traductions},
}
@book{zorzetti_premier_1995,
    author       = {Premier mythographe du {Vatican}},
    year         = 1995,
    publisher    = {les Belles lettres},
    address      = {Paris},
    editor       = {Zorzetti, Nevio},
    translator   = {Berlioz, Jacques},
    keywords     = {Textes latins et traductions},
}
@book{tibulle_oeuvres_1931,
    title        = {Oeuvres},
    author       = {Tibulle},
    year         = 1931,
    publisher    = {Garnier Frères},
    address      = {Paris},
    editor       = {Rat, Maurice},
    keywords     = {Textes latins et traductions},
}
@incollection{aggarwal_survey_2012,
    title        = {A {Survey} of {Text} {Classification} {Algorithms}},
    author       = {Aggarwal, Charu C. and Zhai, ChengXiang},
    year         = 2012,
    booktitle    = {Mining {Text} {Data}},
    publisher    = {Springer US},
    address      = {Boston, MA},
    pages        = {163--222},
    doi          = {10.1007/978-1-4614-3223-4_6},
    editor       = {Aggarwal, Charu C. and Zhai, ChengXiang},
    keywords     = {Traitement automatique des langues: Classification de textes},
}
@inproceedings{blackburn_stfu_2014,
    title        = {{STFU} {NOOB}! predicting crowdsourced decisions on toxic behavior in online games},
    author       = {Blackburn, Jeremy and Kwak, Haewoon},
    year         = 2014,
    month        = apr,
    booktitle    = {Proceedings of the 23rd international conference on {World} wide web},
    publisher    = {Association for Computing Machinery},
    address      = {New York, NY},
    series       = {{Www} '14},
    pages        = {877--888},
    doi          = {10.1145/2566486.2567987},
    keywords     = {Traitement automatique des langues: Classification de textes},
}
@inproceedings{das_google_2007,
    title        = {Google news personalization: scalable online collaborative filtering},
    author       = {Das, Abhinandan S. and Datar, Mayur and Garg, Ashutosh and Rajaram, Shyam},
    year         = 2007,
    month        = may,
    booktitle    = {Proceedings of the 16th international conference on {World} {Wide} {Web}},
    publisher    = {Association for Computing Machinery},
    address      = {New York, NY},
    series       = {{Www} '07},
    pages        = {271--280},
    doi          = {10.1145/1242572.1242610},
    keywords     = {Traitement automatique des langues: Classification de textes},
}
@inproceedings{fell_comparing_2019,
    title        = {Comparing {Automated} {Methods} to {Detect} {Explicit} {Content} in {Song} {Lyrics}},
    author       = {Fell, Michael and Cabrio, Elena and Corazza, Michele and Gandon, Fabien},
    year         = 2019,
    month        = sep,
    booktitle    = {Proceedings of the {International} {Conference} on {Recent} {Advances} in {Natural} {Language} {Processing} ({RANLP} 2019)},
    publisher    = {INCOMA Ltd.},
    address      = {Varna},
    pages        = {338--344},
    doi          = {10.26615/978-954-452-056-4_039},
    keywords     = {Traitement automatique des langues: Classification de textes},
}
@inproceedings{gao_hierarchical_2018,
    title        = {Hierarchical {Convolutional} {Attention} {Networks} for {Text} {Classification}},
    author       = {Gao, Shang and Ramanathan, Arvind and Tourassi, Georgia},
    year         = 2018,
    booktitle    = {Proceedings of {The} {Third} {Workshop} on {Representation} {Learning} for {NLP}},
    publisher    = {Association for Computational Linguistics},
    address      = {Melbourne},
    pages        = {11--23},
    doi          = {10.18653/v1/W18-3002},
    keywords     = {Traitement automatique des langues: Classification de textes},
}
@inproceedings{inches_overview_2012,
    title        = {Overview of the {International} {Sexual} {Predator} {Identification} {Competition} at {PAN}-2012.},
    author       = {Inches, Giacomo and Crestani, Fabio},
    year         = 2012,
    booktitle    = {{CLEF} ({Online} working notes/labs/workshop)},
    volume       = 30,
    keywords     = {Traitement automatique des langues: Classification de textes},
}
@article{kim_categorical_2019,
    title        = {Categorical metadata representation for customized text classification},
    author       = {Kim, Jihyeok and Amplayo, Reinald Kim and Lee, Kyungjae and Sung, Sua and Seo, Minji and Hwang, Seung-won},
    year         = 2019,
    journal      = {Transactions of the Association for Computational Linguistics},
    volume       = 7,
    pages        = {201--215},
    keywords     = {Traitement automatique des langues: Classification de textes},
}
@inproceedings{munoz_smartsec4cop_2020,
    title        = {{SMARTSEC4COP}: {Smart} {Cyber}-{Grooming} {Detection} {Using} {Natural} {Language} {Processing} and {Convolutional} {Neural} {Networks}},
    author       = {Muñoz, Fabián and Isaza, Gustavo and Castillo, Luis},
    year         = 2020,
    booktitle    = {International {Symposium} on {Distributed} {Computing} and {Artificial} {Intelligence}},
    publisher    = {Springer},
    pages        = {11--20},
    keywords     = {Traitement automatique des langues: Classification de textes},
}
@inproceedings{ni_justifying_2019,
    title        = {Justifying {Recommendations} using {Distantly}-{Labeled} {Reviews} and {Fine}-{Grained} {Aspects}},
    author       = {Ni, Jianmo and Li, Jiacheng and McAuley, Julian},
    year         = 2019,
    booktitle    = {Proceedings of the 2019 {Conference} on {Empirical} {Methods} in {Natural} {Language} {Processing} and the 9th {International} {Joint} {Conference} on {Natural} {Language} {Processing} ({EMNLP}-{IJCNLP})},
    publisher    = {Association for Computational Linguistics},
    address      = {Hong Kong},
    pages        = {188--197},
    doi          = {10.18653/v1/D19-1018},
    keywords     = {Traitement automatique des langues: Classification de textes},
}
@inproceedings{nugent_comparison_2017,
    title        = {A comparison of classification models for natural disaster and critical event detection from news},
    author       = {Nugent, Tim and Petroni, Fabio and Raman, Natraj and Carstens, Lucas and Leidner, Jochen L.},
    year         = 2017,
    month        = dec,
    booktitle    = {2017 {IEEE} {International} {Conference} on {Big} {Data} ({Big} {Data})},
    pages        = {3750--3759},
    doi          = {10.1109/BigData.2017.8258374},
    keywords     = {Traitement automatique des langues: Classification de textes},
}
@article{ruder_character-level_2016,
    title        = {Character-level and {Multi}-channel {Convolutional} {Neural} {Networks} for {Large}-scale {Authorship} {Attribution}},
    author       = {Ruder, Sebastian and Ghaffari, Parsa and Breslin, John G.},
    year         = 2016,
    month        = sep,
    journal      = {arXiv:1609.06686 [cs]},
    url          = {http://arxiv.org/abs/1609.06686},
    urldate      = {2020-04-08},
    keywords     = {Traitement automatique des langues: Classification de textes},
}
@misc{salcianu2018compact,
    title        = {Compact language detector v3},
    author       = {Salcianu, Alex and Golding, Andy and Bakalov, Anton and Alberti, Chris and Andor, Daniel and Weiss, David and Pitler, Emily and Coppola, Greg and Riesa, Jason and Ganchev, Kuzman and others},
    year         = 2018,
    keywords     = {Traitement automatique des langues: Classification de textes},
}
@inproceedings{schofield2017quantifying,
    title        = {Quantifying the Effects of Text Duplication on Semantic Models},
    author       = {Schofield, Alexandra and Thompson, Laure and Mimno, David},
    year         = 2017,
    booktitle    = {Proceedings of the 2017 Conference on Empirical Methods in Natural Language Processing},
    pages        = {2727--2737},
    keywords     = {Traitement automatique des langues: Classification de textes},
}
@inproceedings{shah_neural_2018,
    title        = {Neural network based extreme classification and similarity models for product matching},
    author       = {Shah, Kashif and Kopru, Selcuk and Ruvini, Jean David},
    year         = 2018,
    booktitle    = {Proceedings of the 2018 {Conference} of the {North} {American} {Chapter} of the {Association} for {Computational} {Linguistics}: {Human} {Language} {Technologies}, {Volume} 3 ({Industry} {Papers})},
    pages        = {8--15},
    keywords     = {Traitement automatique des langues: Classification de textes},
}
@article{shang_speaker-change_2020,
    title        = {Speaker-change {Aware} {CRF} for {Dialogue} {Act} {Classification}},
    author       = {Shang, Guokan and Tixier, Antoine Jean-Pierre and Vazirgiannis, Michalis and Lorré, Jean-Pierre},
    year         = 2020,
    month        = may,
    journal      = {arXiv:2004.02913 [cs]},
    url          = {http://arxiv.org/abs/2004.02913},
    urldate      = {2021-09-17},
    keywords     = {Traitement automatique des langues: Classification de textes},
}
@article{vo_automatically_2021,
    title        = {Automatically {Detecting} {Cyberbullying} {Comments} on {Online} {Game} {Forums}},
    author       = {Vo, Hanh Hong-Phuc and Tran, Hieu Trung and Luu, Son T.},
    year         = 2021,
    month        = jun,
    journal      = {arXiv:2106.01598 [cs]},
    url          = {http://arxiv.org/abs/2106.01598},
    urldate      = {2021-08-26},
    keywords     = {Traitement automatique des langues: Classification de textes},
}
@inproceedings{vogt_early_2021,
    title        = {Early {Detection} of {Sexual} {Predators} in {Chats}},
    author       = {Vogt, Matthias and Leser, Ulf and Akbik, Alan},
    year         = 2021,
    booktitle    = {Proceedings of the 59th {Annual} {Meeting} of the {Association} for {Computational} {Linguistics} and the 11th {International} {Joint} {Conference} on {Natural} {Language} {Processing} ({Volume} 1: {Long} {Papers})},
    publisher    = {Association for Computational Linguistics},
    address      = {Online},
    pages        = {4985--4999},
    doi          = {10.18653/v1/2021.acl-long.386},
    keywords     = {Traitement automatique des langues: Classification de textes},
}
@article{wang2015pos,
    title        = {POS-RS: A Random Subspace method for sentiment classification based on part-of-speech analysis},
    author       = {Wang, Gang and Zhang, Zhu and Sun, Jianshan and Yang, Shanlin and Larson, Catherine A},
    year         = 2015,
    journal      = {Information Processing \& Management},
    publisher    = {Elsevier},
    volume       = 51,
    number       = 4,
    pages        = {458--479},
    keywords     = {Traitement automatique des langues: Classification de textes},
}
@article{ward1963hierarchical,
    title        = {Hierarchical grouping to optimize an objective function},
    author       = {Ward Jr, Joe H},
    year         = 1963,
    journal      = {Journal of the American statistical association},
    publisher    = {Taylor \& Francis},
    volume       = 58,
    number       = 301,
    pages        = {236--244},
    keywords     = {Traitement automatique des langues: Classification de textes},
}
@inproceedings{yang_hierarchical_2016,
    title        = {Hierarchical {Attention} {Networks} for {Document} {Classification}},
    author       = {Yang, Zichao and Yang, Diyi and Dyer, Chris and He, Xiaodong and Smola, Alex and Hovy, Eduard},
    year         = 2016,
    booktitle    = {Proceedings of the 2016 {Conference} of the {North} {American} {Chapter} of the {Association} for {Computational} {Linguistics}: {Human} {Language} {Technologies}},
    publisher    = {Association for Computational Linguistics},
    address      = {San Diego, CA},
    pages        = {1480--1489},
    doi          = {10.18653/v1/N16-1174},
    keywords     = {Traitement automatique des langues: Classification de textes},
}
@inproceedings{bai_adversarial_2020,
    title        = {Adversarial {Named} {Entity} {Recognition} with {POS} label embedding},
    author       = {Bai, Yuxuan and Wang, Yu and Xia, Bin and Li, Yun and Zhu, Ziye},
    year         = 2020,
    month        = jul,
    booktitle    = {2020 {International} {Joint} {Conference} on {Neural} {Networks} ({IJCNN})},
    pages        = {1--8},
    doi          = {10.1109/ijcnn48605.2020.9207682},
    keywords     = {Traitement automatique des langues: Divers},
}
@techreport{bradley_affective_1999,
    title        = {Affective norms for {English} words ({ANEW}): {Instruction} manual and affective ratings},
    author       = {Bradley, Margaret M. and Lang, Peter J.},
    year         = 1999,
    institution  = {Technical report C-1, the center for research in psychophysiology …},
    keywords     = {Traitement automatique des langues: Divers},
}
@article{doi:10.1126/science.aal4230,
    title        = {Semantics derived automatically from language corpora contain human-like biases},
    author       = {Caliskan, Aylin and Bryson, Joanna J. and Narayanan, Arvind},
    year         = 2017,
    journal      = {Science},
    volume       = 356,
    number       = 6334,
    pages        = {183--186},
    doi          = {10.1126/science.aal4230},
    keywords     = {Traitement automatique des langues: Divers},
}
@article{SyntaxNetConll2017,
    title        = {SyntaxNet Models for the CoNLL 2017 Shared Task},
    author       = {Chris Alberti and Daniel Andor and Ivan Bogatyy and Michael Collins and Dan Gillick and Lingpeng Kong and Terry Koo and Ji Ma and Mark Omernick and Slav Petrov and Chayut Thanapirom and Zora Tung and David Weiss},
    year         = 2017,
    journal      = {CoRR},
    volume       = {abs/1703.04929},
    url          = {http://arxiv.org/abs/1703.04929},
    keywords     = {Traitement automatique des langues: Divers},
}
@book{firth_papers_1957,
    title        = {Papers in linguistics, 1934-1951},
    author       = {Firth, John Rupert},
    year         = 1957,
    publisher    = {Oxford University Press},
    keywords     = {Traitement automatique des langues: Divers},
}
@article{herrmann_high_2015,
    title        = {High on metaphor, low on simile? {An} examination of metaphor type in sub-registers of academic prose},
    author       = {Herrmann, J. Berenike},
    year         = 2015,
    month        = dec,
    journal      = {Metaphor in Specialist Discourse},
    pages        = {163--190},
    url          = {https://www.jbe-platform.com/content/books/9789027267849-milcc.4.07her},
    urldate      = {2021-08-25},
    keywords     = {Traitement automatique des langues: Divers},
}
@article{jarvis_capturing_2019,
    title        = {Capturing the {Diversity} in {Lexical} {Diversity}},
    author       = {Jarvis, Scott},
    year         = 2019,
    month        = feb,
    journal      = {IULC Working Papers},
    volume       = 19,
    number       = 2,
    keywords     = {Traitement automatique des langues: Divers},
}
@inproceedings{kesarwani_metaphor_2017,
    title        = {Metaphor {Detection} in a {Poetry} {Corpus}},
    author       = {Kesarwani, Vaibhav and Inkpen, Diana and Szpakowicz, Stan and Tanasescu, Chris},
    year         = 2017,
    booktitle    = {Proceedings of the {Joint} {SIGHUM} {Workshop} on {Computational} {Linguistics}           for {Cultural} {Heritage}, {Social} {Sciences}, {Humanities} and {Literature}},
    publisher    = {Association for Computational Linguistics},
    address      = {Vancouver},
    pages        = {1--9},
    doi          = {10.18653/v1/W17-2201},
    keywords     = {Traitement automatique des langues: Divers},
}
@inproceedings{klebanov_argumentation-relevant_2013,
    title        = {Argumentation-relevant metaphors in test-taker essays},
    author       = {Klebanov, Beata Beigman and Flor, Michael},
    year         = 2013,
    booktitle    = {Proceedings of the {First} {Workshop} on {Metaphor} in {NLP}},
    pages        = {11--20},
    keywords     = {Traitement automatique des langues: Divers},
}
@book{lakoff_metaphors_2003,
    title        = {Metaphors {We} {Live} {By}},
    author       = {Lakoff, George and Johnson, Mark},
    year         = 2003,
    publisher    = {University of Chicago Press},
    address      = {Chicago},
    keywords     = {Traitement automatique des langues: Divers},
}
@inproceedings{leong_report_2020,
    title        = {A {Report} on the 2020 {VUA} and {TOEFL} {Metaphor} {Detection} {Shared} {Task}},
    author       = {Leong, Chee Wee (Ben) and Beigman Klebanov, Beata and Hamill, Chris and Stemle, Egon and Ubale, Rutuja and Chen, Xianyang},
    year         = 2020,
    month        = jul,
    booktitle    = {Proceedings of the {Second} {Workshop} on {Figurative} {Language} {Processing}},
    publisher    = {Association for Computational Linguistics},
    address      = {Online},
    pages        = {18--29},
    doi          = {10.18653/v1/2020.figlang-1.3},
    keywords     = {Traitement automatique des langues: Divers},
}
@inproceedings{leong_report_2018,
    title        = {A {Report} on the 2018 {VUA} {Metaphor} {Detection} {Shared} {Task}},
    author       = {Leong, Chee Wee Ben and Beigman Klebanov, Beata and Shutova, Ekaterina},
    year         = 2018,
    month        = jun,
    booktitle    = {Proceedings of the {Workshop} on {Figurative} {Language} {Processing}},
    publisher    = {Association for Computational Linguistics},
    address      = {New Orleans, LA},
    pages        = {56--66},
    doi          = {10.18653/v1/W18-0907},
    keywords     = {Traitement automatique des langues: Divers},
}
@article{magueresse_low-resource_2020,
    title        = {Low-resource {Languages}: {A} {Review} of {Past} {Work} and {Future} {Challenges}},
    author       = {Magueresse, Alexandre and Carles, Vincent and Heetderks, Evan},
    year         = 2020,
    month        = jun,
    journal      = {arXiv:2006.07264 [cs]},
    url          = {http://arxiv.org/abs/2006.07264},
    urldate      = {2021-09-21},
    keywords     = {Traitement automatique des langues: Divers},
}
@article{martin_controllable_2020,
    title        = {Controllable {Sentence} {Simplification}},
    author       = {Martin, Louis and Sagot, Benoît and de la Clergerie, Éric and Bordes, Antoine},
    year         = 2020,
    month        = apr,
    journal      = {arXiv:1910.02677 [cs]},
    url          = {http://arxiv.org/abs/1910.02677},
    urldate      = {2021-07-26},
    keywords     = {Traitement automatique des langues: Divers},
}
@phdthesis{mccarthy_assessment_2005,
    title        = {An assessment of the range and usefulness of lexical diversity measures and the potential of the measure of textual, lexical diversity ({MTLD})},
    author       = {McCarthy, Philip M.},
    year         = 2005,
    type         = {{PhD} {Thesis}},
    school       = {The University of Memphis},
    keywords     = {Traitement automatique des langues: Divers},
}
@article{mehrabi2021survey,
    title        = {A survey on bias and fairness in machine learning},
    author       = {Mehrabi, Ninareh and Morstatter, Fred and Saxena, Nripsuta and Lerman, Kristina and Galstyan, Aram},
    year         = 2021,
    journal      = {ACM Computing Surveys (CSUR)},
    publisher    = {ACM New York, NY},
    volume       = 54,
    number       = 6,
    pages        = {1--35},
    keywords     = {Traitement automatique des langues: Divers},
}
@article{rastier2005enjeux,
    title        = {Enjeux {\'e}pist{\'e}mologiques de la linguistique de corpus},
    author       = {Rastier, Fran{\c{c}}ois},
    year         = 2005,
    journal      = {La linguistique de corpus},
    publisher    = {Presses Universitaires de Rennes Rennes},
    number       = {31-45},
    keywords     = {Traitement automatique des langues: Divers},
}
@book{steen_method_2010,
    title        = {A {Method} for {Linguistic} {Metaphor} {Identification}. {From} {MIP} to {MIPVU}},
    author       = {Steen, Gerard J. {\textbar}Dorst},
    year         = 2010,
    publisher    = {John Benjamins Publishing Company},
    keywords     = {Traitement automatique des langues: Divers},
}
@inproceedings{stemle_using_2018,
    title        = {Using {Language} {Learner} {Data} for {Metaphor} {Detection}},
    author       = {Stemle, Egon and Onysko, Alexander},
    year         = 2018,
    booktitle    = {Proceedings of the {Workshop} on {Figurative} {Language} {Processing}},
    publisher    = {Association for Computational Linguistics},
    address      = {New Orleans, LA},
    pages        = {133--138},
    doi          = {10.18653/v1/W18-0918},
    keywords     = {Traitement automatique des langues: Divers},
}
@inproceedings{vanni_textual_2018,
    title        = {Textual {Deconvolution} {Saliency} ({TDS}) : a deep tool box for linguistic analysis},
    author       = {Vanni, Laurent and Ducoffe, Melanie and Aguilar, Carlos and Precioso, Frederic and Mayaffre, Damon},
    year         = 2018,
    booktitle    = {Proceedings of the 56th {Annual} {Meeting} of the {Association} for {Computational} {Linguistics} ({Volume} 1: {Long} {Papers})},
    publisher    = {Association for Computational Linguistics},
    address      = {Melbourne},
    pages        = {548--557},
    doi          = {10.18653/v1/P18-1051},
    keywords     = {Traitement automatique des langues: Divers},
}
@article{zhang_text_2016,
    title        = {Text {Understanding} from {Scratch}},
    author       = {Zhang, Xiang and LeCun, Yann},
    year         = 2016,
    month        = apr,
    journal      = {arXiv:1502.01710 [cs]},
    url          = {http://arxiv.org/abs/1502.01710},
    urldate      = {2021-09-03},
    keywords     = {Traitement automatique des langues: Divers},
}
@article{zhang_ernie_2019,
    title        = {{ERNIE}: {Enhanced} {Language} {Representation} with {Informative} {Entities}},
    author       = {Zhang, Zhengyan and Han, Xu and Liu, Zhiyuan and Jiang, Xin and Sun, Maosong and Liu, Qun},
    year         = 2019,
    month        = jun,
    journal      = {arXiv:1905.07129 [cs]},
    url          = {http://arxiv.org/abs/1905.07129},
    urldate      = {2021-09-09},
    keywords     = {Traitement automatique des langues: Divers},
}
@article{zirikly2014named,
    title        = {Named entity recognition for dialectal Arabic},
    author       = {Zirikly, Ayah and Diab, Mona},
    year         = 2014,
    journal      = {Anlp 2014},
    publisher    = {Citeseer},
    volume       = 78,
    keywords     = {Traitement automatique des langues: Divers},
}
@article{fasttext,
    title        = {Enriching {Word} {Vectors} with {Subword} {Information}},
    author       = {Bojanowski, Piotr and Grave, Edouard and Joulin, Armand and Mikolov, Tomas},
    year         = 2017,
    month        = jun,
    journal      = {Transactions of the Association for Computational Linguistics},
    volume       = 5,
    pages        = {135--146},
    doi          = {10.1162/tacl_a_00051},
    keywords     = {Traitement automatique des langues: Embeddings},
}
@inproceedings{bolukbasi2016quantifying,
    title        = {Quantifying and Reducing Stereotypes in Word Embeddings},
    author       = {Bolukbasi, Tolga and Chang, Kai-Wei and Zou, James  and Saligrama, Venkatesh and Kalai, Adam},
    year         = 2016,
    booktitle    = {ICML Workshop on Data4Good: Machine Learning in Social Good Applications},
    address      = {New York, NY},
    eprint       = {1606.06121},
    archiveprefix = {arXiv},
    primaryclass = {cs.CL},
    keywords     = {Traitement automatique des langues: Embeddings},
}
@article{carlo_training_2019,
    title        = {Training {Temporal} {Word} {Embeddings} with a {Compass}},
    author       = {Carlo, Valerio Di and Bianchi, Federico and Palmonari, Matteo},
    year         = 2019,
    month        = jul,
    journal      = {Proceedings of the AAAI Conference on Artificial Intelligence},
    volume       = 33,
    number       = {01},
    pages        = {6326--6334},
    doi          = {10.1609/aaai.v33i01.33016326},
    keywords     = {Traitement automatique des langues: Embeddings},
}
@article{chan_german_2019,
    title        = {German bert},
    author       = {Chan, Branden and Möller, Timo and Pietsch, Malte and Soni, Tanay and Yeung, Chin Man},
    year         = 2019,
    journal      = {URL: https://deepset. ai/german-bert},
    keywords     = {Traitement automatique des langues: Embeddings},
}
@inproceedings{cotterell_morphological_2015,
    title        = {Morphological {Word}-{Embeddings}},
    author       = {Cotterell, Ryan and Schütze, Hinrich},
    year         = 2015,
    booktitle    = {Proceedings of the 2015 {Conference} of the {North} {American} {Chapter} of the {Association} for {Computational} {Linguistics}: {Human} {Language} {Technologies}},
    publisher    = {Association for Computational Linguistics},
    address      = {Denver, CO},
    pages        = {1287--1292},
    doi          = {10.3115/v1/N15-1140},
    keywords     = {Traitement automatique des langues: Embeddings},
}
@article{cui_knet_2015,
    title        = {{KNET}: {A} {General} {Framework} for {Learning} {Word} {Embedding} {Using} {Morphological} {Knowledge}},
    author       = {Cui, Qing and Gao, Bin and Bian, Jiang and Qiu, Siyu and Dai, Hanjun and Liu, Tie-Yan},
    year         = 2015,
    month        = aug,
    journal      = {ACM Transactions on Information Systems},
    volume       = 34,
    number       = 1,
    pages        = {4:1--4:25},
    doi          = {10.1145/2797137},
    keywords     = {Traitement automatique des langues: Embeddings},
}
@misc{daume_blacksheep_2016,
    title        = {Language bias and black sheep},
    author       = {Daumé III, Hal},
    url          = {https://nlpers.blogspot.com/2016/06/language-bias-and-black-sheep.html},
    urldate      = {2022-01-24},
    date         = {2016-06-24},
    keywords     = {Traitement automatique des langues: Embeddings},
}
@misc{bamman2020latin,
    title        = {Latin BERT: A Contextual Language Model for Classical Philology},
    author       = {David Bamman and Patrick J. Burns},
    year         = 2020,
    journal      = {arXiv preprint arXiv:2009.10053},
    keywords     = {Traitement automatique des langues: Embeddings},
}
@article{evert2005statistics,
    title        = {The statistics of word cooccurrences: word pairs and collocations},
    author       = {Evert, Stefan},
    year         = 2005,
    keywords     = {Traitement automatique des langues: Embeddings},
}
@article{gong_enriching_2020,
    title        = {Enriching {Word} {Embeddings} with {Temporal} and {Spatial} {Information}},
    author       = {Gong, Hongyu and Bhat, Suma and Viswanath, Pramod},
    year         = 2020,
    month        = oct,
    journal      = {arXiv:2010.00761 [cs]},
    url          = {http://arxiv.org/abs/2010.00761},
    urldate      = {2021-09-09},
    keywords     = {Traitement automatique des langues: Embeddings},
}
@article{hartmann_portuguese_nodate,
    title        = {Portuguese {Word} {Embeddings}: {Evaluating} on {Word} {Analogies} and {Natural} {Language} {Tasks}},
    author       = {Hartmann, Nathan S and Fonseca, Erick R and Shulby, Christopher D and Treviso, Marcos V and Rodrigues, Jessica S and Aluısio, Sandra M},
    year         = 2017,
    journal      = {arXiv preprint arXiv:1708.06025},
    pages        = 10,
    keywords     = {Traitement automatique des langues: Embeddings},
}
@inproceedings{huang_neural_2019,
    title        = {Neural {Temporality} {Adaptation} for {Document} {Classification}: {Diachronic} {Word} {Embeddings} and {Domain} {Adaptation} {Models}},
    author       = {Huang, Xiaolei and Paul, Michael J.},
    year         = 2019,
    booktitle    = {Proceedings of the 57th {Annual} {Meeting} of the {Association} for {Computational} {Linguistics}},
    publisher    = {Association for Computational Linguistics},
    address      = {Florence},
    pages        = {4113--4123},
    doi          = {10.18653/v1/P19-1403},
    keywords     = {Traitement automatique des langues: Embeddings},
}
@article{liu_semantic_2018,
    title        = {Semantic {Structure}-{Based} {Word} {Embedding} by {Incorporating} {Concept} {Convergence} and {Word} {Divergence}},
    author       = {Liu, Qian and Huang, Heyan and Zhang, Guangquan and Gao, Yang and Xuan, Junyu and Lu, Jie},
    year         = 2018,
    month        = apr,
    journal      = {Proceedings of the AAAI Conference on Artificial Intelligence},
    volume       = 32,
    number       = 1,
    keywords     = {Traitement automatique des langues: Embeddings},
}
@inproceedings{maas-EtAl:2011:ACL-HLT2011,
    title        = {Learning Word Vectors for Sentiment Analysis},
    author       = {Maas, Andrew L.  and  Daly, Raymond E.  and  Pham, Peter T.  and  Huang, Dan  and  Ng, Andrew Y.  and  Potts, Christopher},
    year         = 2011,
    month        = jun,
    booktitle    = {Proceedings of the 49th Annual Meeting of the Association for Computational Linguistics: Human Language Technologies},
    publisher    = {Association for Computational Linguistics},
    address      = {Portland, OR},
    pages        = {142--150},
    url          = {http://www.aclweb.org/anthology/P11-1015},
    keywords     = {Traitement automatique des langues: Embeddings},
}
@article{word2vec,
    title        = {Efficient {Estimation} of {Word} {Representations} in {Vector} {Space}},
    author       = {Mikolov, Tomas and Chen, Kai and Corrado, Greg and Dean, Jeffrey},
    year         = 2013,
    month        = sep,
    journal      = {arXiv:1301.3781 [cs]},
    url          = {http://arxiv.org/abs/1301.3781},
    urldate      = {2021-09-19},
    keywords     = {Traitement automatique des langues: Embeddings},
}
@inproceedings{naseem_towards_2020,
    title        = {Towards {Improved} {Deep} {Contextual} {Embedding} for the identification of {Irony} and {Sarcasm}},
    author       = {Naseem, Usman and Razzak, Imran and Eklund, Peter and Musial, Katarzyna},
    year         = 2020,
    month        = jul,
    booktitle    = {2020 {International} {Joint} {Conference} on {Neural} {Networks} ({IJCNN})},
    publisher    = {Ieee},
    address      = {Glasgow},
    pages        = {1--7},
    doi          = {10.1109/ijcnn48605.2020.9207237},
    keywords     = {Traitement automatique des langues: Embeddings},
}
@inproceedings{qian_investigating_2016,
    title        = {Investigating {Language} {Universal} and {Specific} {Properties} in {Word} {Embeddings}},
    author       = {Qian, Peng and Qiu, Xipeng and Huang, Xuanjing},
    year         = 2016,
    booktitle    = {Proceedings of the 54th {Annual} {Meeting} of the {Association} for {Computational} {Linguistics} ({Volume} 1: {Long} {Papers})},
    publisher    = {Association for Computational Linguistics},
    address      = {Berlin},
    pages        = {1478--1488},
    doi          = {10.18653/v1/P16-1140},
    keywords     = {Traitement automatique des langues: Embeddings},
}
@article{vrehuuvrek2011gensim,
    title        = {Gensim—statistical semantics in python},
    author       = {Řehůřek, Radim and Sojka, Petr and others},
    year         = 2011,
    journal      = {Retrieved from genism. org},
    keywords     = {Traitement automatique des langues: Embeddings},
}
@article{roy_incorporating_nodate,
    title        = {Incorporating {Extra} {Knowledge} to {Enhance} {Word} {Embedding}},
    author       = {Roy, Arpita and Pan, Shimei},
    year         = 2021,
    booktitle    = {Proceedings of the Twenty-Ninth International Conference on International Joint Conferences on Artificial Intelligence},
    pages        = {4929--4935},
    pages        = 7,
    keywords     = {Traitement automatique des langues: Embeddings},
}
@article{salama_morphological_2018,
    title        = {Morphological {Word} {Embedding} for {Arabic}},
    author       = {Salama, Rana Aref and Youssef, Abdou and Fahmy, Aly},
    year         = 2018,
    journal      = {Procedia Computer Science},
    volume       = 142,
    pages        = {83--93},
    doi          = {10.1016/j.procs.2018.10.463},
    keywords     = {Traitement automatique des langues: Embeddings},
}
@inproceedings{wang_knowledge_2014,
    title        = {Knowledge {Graph} and {Text} {Jointly} {Embedding}},
    author       = {Wang, Zhen and Zhang, Jianwen and Feng, Jianlin and Chen, Zheng},
    year         = 2014,
    booktitle    = {Proceedings of the 2014 {Conference} on {Empirical} {Methods} in {Natural} {Language} {Processing} ({EMNLP})},
    publisher    = {Association for Computational Linguistics},
    address      = {Doha},
    pages        = {1591--1601},
    doi          = {10.3115/v1/D14-1167},
    keywords     = {Traitement automatique des langues: Embeddings},
}
