
@article{cilliers_vindicianuss_2005,
	title = {Vindicianus's {Gynaecia}: {Text} and {Translation} of the {Codex} {Monacensis}},
	volume = {15},
	issn = {0778-9750},
	shorttitle = {Vindicianus's {Gynaecia}},
	url = {https://www.brepolsonline.net/doi/abs/10.1484/J.JML.2.304240},
	doi = {10.1484/J.JML.2.304240},
	urldate = {2021-12-07},
	journal = {The Journal of Medieval Latin},
	author = {Cilliers, Louise},
	month = jan,
	year = {2005},
	note = {Publisher: Brepols Publishers},
	pages = {153--236},
}
