
@article{rastier_isotopie_1985,
	title = {L'isotopie sémantique, du mot au texte},
	volume = {27},
	copyright = {free},
	url = {https://www.persee.fr/doc/igram_0222-9838_1985_num_27_1_2168},
	doi = {10.3406/igram.1985.2168},
	language = {fre},
	number = {1},
	urldate = {2021-09-07},
	journal = {L'information grammaticale},
	author = {Rastier, François},
	year = {1985},
	note = {Publisher: Persée - Portail des revues scientifiques en SHS},
	pages = {33--36},
	annote = {
p. 33 "Une isotopie est définie par ta récurrence d'un même trait sémantique"
p. 33 "Un texte ne contient certes pas tout ce que requiert son interprétation, et notamment la construction ou l'identification de ses isotopies."
p.33-34 "En effet, il serait absurde de décrire à part les composants de l 'isotopie dont l'actualisation serait strictement conditionnée par l'environnement pragmatique. "
p. 34 "L'intérêt principal de ce concept tient à ce qu'il est indépendant par principe des structures syntaxiques et de la prétendue limite de la phrase. Une isotopie peut s'étendre sur deux mots, sur un paragraphe, sur tout un texte."
p. 34 "Ce n'est pas ta récurrence de sèmes déjà donnés qui constitue l'isotopie, mais, rétroactivement, la présomption d'isotopie qui permet d'actualiser des sèmes, voire les sèmes"
p. 35 "Et surtout, on ne peut séparer la description de la connotation de celle de la dénotation puisque la plupart des isotopies tant soit peu étendues mêlent inextricablement des composants qui relèveraient de la dénotation et de la connotation. "
p. 35 " une isotopie peut être constituée de contenus relevant de différents types sémiotiques de signes linguistiques : prosodie, ponctuation, etc. . . "
p. 35 "Enfin, le contexte non linguistique a une incidence sur le texte, jusque dans l'identification des constituants des sémèmes. Or ce contexte n'est pas fait d'objets du monde qui donneraient à lire un sens, mais de conventions sociales. Disons, pour simplifier, que ce sont les galons de celui qui prononce Il fait froid qui permettent aux subalternes d'inférer il faut fermer la fenêtre. 

 },
}
