
@misc{noauthor_pny_2020,
	title = {{PNY} {Quadro} {RTX} 8000},
	url = {https://web.archive.org/web/20200407092935/https://www.ldlc.com/recherche/nvidia-2080-ti/+fcat-4684.html?sort=2&department=all},
	abstract = {Achat Carte graphique pro PNY Quadro RTX 8000 (VCQRTX8000-PB) sur LDLC.com, n°1 du high-tech. 48 Go GDDR6 - Quad DisplayPort/USB Type C - PCI Express 3.0 x16 (NVIDIA Quadro RTX 8000).},
	language = {fr-FR},
	urldate = {2020-04-07},
	journal = {LDLC.com},
	month = apr,
	year = {2020},
	note = {Library Catalog: www.ldlc.com},
	file = {Snapshot:/home/thibault/.mozilla/firefox/dqyoiprc.default/zotero/storage/LYFKXHMJ/PB00267908.html:text/html}
}

@misc{noauthor_recherche_2020,
	title = {Recherche {NVIDIA} 2080 {Ti}},
	url = {https://web.archive.org/web/20200407092935/https://www.ldlc.com/recherche/nvidia-2080-ti/+fcat-4684.html?sort=2&department=all},
	urldate = {2020-04-07},
	journal = {LDLC.com},
	month = apr,
	year = {2020},
	file = {:/home/thibault/.mozilla/firefox/dqyoiprc.default/zotero/storage/33KJRZGK/+fcat-4684.html:text/html}
}

@misc{noauthor_cuda_nodate,
	type = {concept},
	title = {{CUDA} {C}++ {Programming} {Guide}},
	url = {http://docs.nvidia.com/cuda/cuda-c-programming-guide/index.html},
	abstract = {The programming guide to the CUDA model and interface.},
	language = {en-us},
	urldate = {2020-04-07},
	note = {Archive Location: Programming Guides
Library Catalog: docs.nvidia.com},
	file = {Snapshot:/home/thibault/.mozilla/firefox/dqyoiprc.default/zotero/storage/KTL29PIB/index.html:text/html}
}


@misc{kestemont_initial_2016,
	title = {Initial commit · hipster-philology/pandora@dffaf87},
	url = {https://github.com/hipster-philology/pandora/commit/dffaf87b0806b19572d21330e67b2c29c7bce4b2},
	abstract = {A Tagger-Lemmatizer for Natural Languages},
	language = {en},
	urldate = {2020-04-07},
	journal = {GitHub},
	author = {Kestemont, Mike},
	month = jan,
	year = {2016},
	note = {Library Catalog: github.com},
	file = {Snapshot:/home/thibault/.mozilla/firefox/dqyoiprc.default/zotero/storage/44397AGZ/dffaf87b0806b19572d21330e67b2c29c7bce4b2.html:text/html}
}