@book{firth_papers_1957,
	title = {Papers in linguistics, 1934-1951},
	language = {en},
	publisher = {Oxford University Press},
	author = {Firth, John Rupert},
	year = {1957},
	keywords = {Language and languages, Linguistics, Phonetics}
}